unix_timestamp_ms,lastUpdateId,bid_price_0,bid_qty_0,bid_price_1,bid_qty_1,bid_price_2,bid_qty_2,bid_price_3,bid_qty_3,bid_price_4,bid_qty_4,bid_price_5,bid_qty_5,bid_price_6,bid_qty_6,bid_price_7,bid_qty_7,bid_price_8,bid_qty_8,bid_price_9,bid_qty_9,ask_price_0,ask_qty_0,ask_price_1,ask_qty_1,ask_price_2,ask_qty_2,ask_price_3,ask_qty_3,ask_price_4,ask_qty_4,ask_price_5,ask_qty_5,ask_price_6,ask_qty_6,ask_price_7,ask_qty_7,ask_price_8,ask_qty_8,ask_price_9,ask_qty_9
1764326045178,261589165461,91599.900000,11.424000,91599.800000,0.035000,91599.500000,0.255000,91598.500000,0.077000,91598.000000,0.002000,91597.700000,0.011000,91595.300000,0.777000,91595.100000,0.240000,91594.500000,0.002000,91594.200000,0.005000,91600.000000,1.476000,91600.500000,0.008000,91600.800000,0.004000,91602.100000,0.014000,91602.200000,0.002000,91602.900000,0.002000,91603.300000,0.033000,91603.500000,0.011000,91604.700000,0.413000,91604.800000,0.517000
1764326050557,261589336273,91604.700000,14.634000,91604.600000,0.870000,91603.900000,0.558000,91603.800000,0.043000,91600.900000,0.491000,91600.400000,0.007000,91600.000000,0.546000,91599.900000,0.858000,91599.800000,0.002000,91598.600000,0.002000,91604.800000,0.405000,91606.000000,0.113000,91606.900000,0.036000,91608.000000,0.013000,91610.000000,0.005000,91610.300000,0.017000,91610.400000,0.045000,91611.500000,0.007000,91613.200000,0.005000,91613.800000,0.002000
1764326050815,261589343238,91604.700000,15.281000,91604.600000,0.870000,91603.900000,0.558000,91603.800000,0.043000,91600.900000,0.491000,91600.400000,0.007000,91600.000000,0.546000,91599.900000,0.858000,91599.800000,0.002000,91598.600000,0.798000,91604.800000,0.406000,91606.000000,0.113000,91606.900000,0.036000,91608.000000,0.013000,91610.000000,0.005000,91610.300000,0.017000,91610.400000,0.045000,91611.500000,0.007000,91613.200000,0.005000,91613.800000,0.002000
1764326051067,261589350183,91604.700000,17.034000,91604.600000,0.870000,91603.900000,0.558000,91603.800000,0.043000,91600.900000,0.491000,91600.400000,0.007000,91600.000000,0.546000,91599.900000,0.858000,91599.800000,0.002000,91598.600000,0.798000,91604.800000,0.406000,91606.000000,0.113000,91606.900000,0.036000,91608.000000,0.013000,91610.000000,0.005000,91610.300000,0.017000,91610.400000,0.045000,91611.500000,0.007000,91613.200000,0.005000,91613.800000,0.002000
1764326051319,261589357406,91604.700000,15.046000,91604.600000,0.870000,91603.900000,0.558000,91603.800000,0.043000,91600.900000,0.491000,91600.400000,0.007000,91600.000000,0.546000,91599.900000,0.858000,91599.800000,0.002000,91598.600000,0.798000,91604.800000,0.406000,91606.000000,0.113000,91606.900000,0.036000,91608.000000,0.013000,91610.000000,0.005000,91610.300000,0.017000,91610.400000,0.045000,91611.500000,0.007000,91613.200000,0.005000,91613.800000,0.002000
1764326051569,261589365649,91604.700000,15.094000,91604.600000,0.027000,91604.100000,0.270000,91603.900000,0.005000,91603.800000,0.043000,91599.900000,0.858000,91599.800000,0.002000,91598.600000,0.002000,91598.500000,0.077000,91598.200000,0.001000,91604.800000,0.406000,91606.000000,0.113000,91606.900000,0.036000,91608.000000,0.013000,91610.000000,0.005000,91610.300000,0.017000,91610.400000,0.045000,91611.500000,0.007000,91613.200000,0.005000,91613.800000,0.002000
1764326051820,261589373848,91604.700000,14.058000,91604.600000,0.027000,91604.100000,0.770000,91603.900000,0.005000,91603.800000,0.043000,91602.700000,0.874000,91600.900000,0.491000,91600.000000,0.546000,91599.900000,0.858000,91599.800000,0.002000,91604.800000,0.406000,91606.000000,0.113000,91606.900000,0.036000,91608.000000,0.013000,91610.000000,0.005000,91610.300000,0.017000,91610.400000,0.045000,91611.500000,0.007000,91613.200000,0.005000,91613.800000,0.002000
1764326052090,261589381520,91604.700000,14.058000,91604.600000,0.027000,91604.100000,0.770000,91603.900000,0.005000,91603.800000,0.043000,91602.700000,0.874000,91600.900000,0.491000,91600.000000,0.546000,91599.900000,0.858000,91599.800000,0.002000,91604.800000,0.286000,91606.000000,0.113000,91606.900000,0.036000,91608.000000,0.013000,91610.000000,0.005000,91610.300000,0.254000,91610.400000,0.045000,91611.500000,0.007000,91613.200000,0.005000,91613.300000,0.949000
1764326052341,261589388040,91604.700000,14.663000,91604.600000,0.027000,91604.100000,0.770000,91603.900000,0.879000,91603.800000,0.043000,91600.900000,0.491000,91600.000000,0.546000,91599.900000,0.858000,91599.800000,0.002000,91598.600000,0.002000,91604.800000,0.286000,91606.000000,0.113000,91606.900000,0.036000,91608.000000,0.013000,91610.000000,0.005000,91610.300000,0.017000,91610.400000,0.045000,91611.500000,0.007000,91613.200000,0.005000,91613.700000,0.364000
1764326052595,261589395479,91604.700000,14.907000,91604.100000,0.770000,91603.900000,0.005000,91603.800000,0.043000,91602.300000,0.874000,91600.900000,0.491000,91600.000000,0.546000,91599.900000,0.858000,91599.800000,0.002000,91598.600000,0.002000,91604.800000,0.286000,91606.000000,0.113000,91606.900000,0.036000,91608.000000,0.013000,91610.000000,0.005000,91610.300000,0.254000,91610.400000,0.045000,91611.500000,0.007000,91613.000000,0.922000,91613.200000,0.005000
1764326052851,261589402434,91604.700000,15.643000,91604.100000,0.770000,91603.900000,0.005000,91603.800000,0.043000,91600.900000,0.491000,91600.000000,0.546000,91599.900000,0.858000,91599.800000,0.002000,91598.600000,0.002000,91598.500000,0.077000,91604.800000,0.286000,91606.000000,0.113000,91606.900000,0.036000,91608.000000,0.013000,91610.000000,0.005000,91610.300000,0.254000,91610.400000,0.045000,91611.500000,0.007000,91613.000000,0.896000,91613.200000,0.005000
1764326053103,261589410967,91604.700000,14.067000,91604.100000,0.497000,91603.900000,0.005000,91603.800000,0.043000,91599.900000,0.858000,91599.800000,0.002000,91598.600000,0.002000,91598.500000,0.077000,91598.200000,0.001000,91597.300000,1.315000,91604.800000,0.286000,91606.000000,0.113000,91606.900000,0.036000,91608.000000,0.013000,91610.000000,0.005000,91610.300000,0.017000,91610.400000,0.045000,91611.500000,0.007000,91613.200000,0.005000,91613.700000,0.259000
1764326053358,261589417277,91604.700000,15.562000,91604.100000,0.471000,91603.900000,0.005000,91603.800000,0.828000,91600.900000,0.491000,91600.000000,0.546000,91599.900000,0.858000,91599.800000,0.002000,91598.600000,0.002000,91598.500000,0.077000,91604.800000,0.286000,91606.000000,0.113000,91606.900000,0.036000,91608.000000,0.013000,91610.000000,0.005000,91610.300000,0.017000,91610.400000,0.045000,91611.500000,0.007000,91613.200000,0.005000,91613.700000,0.259000
1764326053608,261589434991,91613.100000,7.181000,91611.500000,2.133000,91611.400000,1.144000,91609.800000,0.002000,91608.000000,0.820000,91606.900000,1.095000,91605.900000,1.063000,91604.800000,8.142000,91604.700000,16.691000,91603.900000,0.005000,91613.200000,0.005000,91615.000000,0.001000,91617.000000,0.012000,91618.000000,0.001000,91618.200000,0.005000,91618.400000,0.002000,91619.400000,0.008000,91620.000000,0.013000,91624.500000,0.002000,91625.900000,0.005000
1764326053858,261589445897,91619.300000,13.673000,91618.400000,0.002000,91617.000000,0.013000,91616.900000,0.077000,91614.900000,0.043000,91613.200000,0.859000,91613.100000,0.852000,91611.900000,0.109000,91611.500000,1.915000,91609.800000,0.002000,91619.400000,0.008000,91620.000000,0.013000,91624.500000,0.002000,91626.000000,0.010000,91626.600000,0.005000,91627.400000,0.001000,91627.700000,0.008000,91628.000000,0.001000,91628.100000,0.014000,91628.800000,0.008000
1764326054109,261589454133,91619.300000,20.335000,91618.900000,0.013000,91618.400000,0.002000,91616.900000,0.077000,91614.900000,0.043000,91613.200000,0.859000,91613.100000,0.852000,91611.900000,0.109000,91611.500000,1.915000,91610.500000,0.002000,91619.400000,0.008000,91620.000000,0.013000,91624.500000,0.002000,91626.000000,0.010000,91626.600000,0.005000,91627.400000,0.001000,91627.700000,0.008000,91628.000000,0.001000,91628.100000,0.014000,91628.800000,0.008000
1764326054359,261589460239,91619.300000,20.858000,91618.900000,0.175000,91618.800000,0.546000,91618.400000,0.002000,91616.900000,0.077000,91614.900000,0.043000,91613.300000,0.007000,91613.200000,0.859000,91613.100000,0.852000,91611.900000,0.109000,91619.400000,0.008000,91620.000000,0.013000,91624.500000,0.002000,91626.000000,0.010000,91626.600000,0.005000,91627.400000,0.001000,91627.700000,0.008000,91627.900000,0.010000,91628.000000,0.001000,91628.100000,0.014000
1764326054614,261589467640,91619.900000,15.628000,91619.400000,0.738000,91619.300000,3.882000,91618.800000,0.546000,91616.900000,0.077000,91614.900000,0.043000,91613.300000,0.007000,91613.200000,0.859000,91613.100000,0.852000,91611.900000,0.109000,91620.000000,0.013000,91624.500000,0.002000,91626.000000,0.010000,91626.600000,0.005000,91627.400000,0.001000,91627.700000,0.008000,91627.900000,0.010000,91628.000000,0.001000,91628.100000,0.014000,91628.800000,0.008000
1764326054869,261589474875,91619.900000,4.656000,91619.300000,0.002000,91615.900000,6.549000,91614.900000,0.001000,91613.300000,0.007000,91613.200000,0.859000,91613.100000,0.077000,91611.900000,0.109000,91610.500000,0.002000,91609.800000,0.002000,91620.000000,1.802000,91620.100000,0.002000,91624.500000,0.002000,91625.900000,0.005000,91626.000000,0.010000,91626.600000,0.005000,91627.400000,0.001000,91627.700000,0.008000,91627.900000,0.010000,91628.000000,0.001000
1764326055119,261589482613,91619.900000,0.092000,91619.500000,0.005000,91619.300000,0.002000,91618.300000,0.077000,91615.000000,0.043000,91614.900000,0.001000,91613.200000,2.169000,91613.100000,0.077000,91610.500000,0.002000,91609.800000,0.002000,91620.000000,2.397000,91620.100000,0.002000,91620.800000,0.888000,91622.900000,0.033000,91623.300000,2.165000,91623.400000,0.776000,91624.000000,0.002000,91624.500000,0.002000,91625.000000,6.548000,91625.200000,0.011000
1764326055369,261589491152,91619.900000,0.092000,91619.500000,0.005000,91619.300000,0.002000,91618.400000,0.036000,91618.300000,0.077000,91615.000000,0.043000,91614.900000,0.001000,91613.300000,1.925000,91613.100000,0.077000,91612.200000,0.491000,91620.000000,3.046000,91620.100000,0.002000,91622.900000,0.033000,91623.300000,2.165000,91623.400000,0.776000,91624.000000,0.002000,91624.500000,0.002000,91625.000000,6.548000,91625.200000,0.011000,91626.000000,0.010000
1764326055620,261589498322,91619.900000,7.638000,91619.500000,0.005000,91619.300000,0.002000,91618.300000,0.077000,91615.000000,0.043000,91614.900000,0.001000,91613.400000,0.553000,91613.100000,0.077000,91612.200000,0.491000,91611.300000,0.546000,91620.000000,3.097000,91620.100000,0.002000,91622.800000,0.443000,91622.900000,0.033000,91623.400000,0.776000,91624.000000,0.002000,91624.500000,0.002000,91624.700000,0.750000,91625.200000,0.011000,91626.000000,0.010000
1764326055873,261589505273,91619.900000,0.126000,91619.500000,0.005000,91619.300000,0.002000,91617.200000,0.077000,91615.000000,0.043000,91614.900000,0.001000,91613.400000,0.024000,91613.100000,0.077000,91610.500000,0.002000,91609.800000,0.002000,91620.000000,2.600000,91620.100000,0.002000,91622.900000,0.033000,91623.400000,0.776000,91624.000000,0.002000,91624.500000,0.002000,91625.200000,0.011000,91626.000000,0.010000,91626.600000,0.005000,91627.400000,0.001000
1764326056123,261589513992,91619.900000,0.263000,91618.900000,6.548000,91615.800000,0.033000,91615.500000,0.002000,91615.200000,0.011000,91613.700000,0.005000,91612.200000,0.491000,91611.300000,0.700000,91610.900000,0.001000,91610.500000,0.002000,91620.000000,5.557000,91620.100000,0.002000,91620.700000,0.003000,91622.700000,0.011000,91622.800000,1.961000,91624.500000,0.002000,91626.000000,0.010000,91626.500000,0.005000,91626.600000,0.005000,91627.300000,6.548000
1764326056373,261589521507,91618.900000,6.813000,91615.800000,0.033000,91615.500000,0.002000,91615.200000,0.011000,91613.700000,0.005000,91612.200000,0.491000,91611.300000,0.546000,91610.900000,0.001000,91610.700000,0.001000,91610.500000,0.002000,91619.000000,6.748000,91619.600000,0.480000,91619.700000,0.750000,91620.000000,1.296000,91620.100000,0.002000,91622.700000,0.011000,91622.800000,1.961000,91624.500000,0.002000,91626.000000,0.010000,91626.500000,0.005000
1764326056623,261589528503,91618.900000,7.219000,91615.800000,0.033000,91615.500000,0.002000,91615.200000,0.011000,91613.700000,0.005000,91610.900000,0.001000,91610.700000,0.001000,91610.100000,0.004000,91609.800000,0.002000,91609.200000,0.043000,91619.000000,7.380000,91619.600000,0.480000,91620.000000,1.231000,91620.100000,0.002000,91622.700000,0.012000,91622.800000,1.961000,91624.500000,0.002000,91626.000000,0.010000,91626.500000,0.005000,91626.600000,0.005000
1764326056873,261589535799,91618.900000,7.217000,91615.800000,0.033000,91615.500000,0.002000,91615.200000,0.011000,91613.700000,0.005000,91612.200000,0.491000,91611.300000,0.546000,91610.900000,0.001000,91610.700000,0.001000,91610.100000,0.004000,91619.000000,7.355000,91619.600000,2.385000,91620.000000,1.231000,91620.100000,0.002000,91620.900000,6.548000,91621.400000,0.750000,91622.700000,0.012000,91622.800000,0.007000,91624.500000,0.002000,91626.000000,0.010000
1764326057124,261589543504,91618.900000,7.068000,91615.800000,0.033000,91615.500000,0.002000,91615.200000,0.011000,91613.700000,0.005000,91610.900000,0.001000,91610.700000,0.001000,91610.100000,0.004000,91609.800000,0.002000,91609.300000,0.013000,91619.000000,6.608000,91619.600000,3.841000,91620.000000,1.231000,91620.100000,0.002000,91620.900000,6.548000,91622.700000,0.012000,91622.800000,0.007000,91624.500000,0.002000,91626.000000,0.010000,91626.500000,0.005000
1764326057382,261589550947,91618.900000,6.273000,91615.800000,0.033000,91615.500000,0.002000,91615.200000,0.011000,91613.700000,0.005000,91612.200000,0.491000,91611.700000,0.077000,91611.400000,0.745000,91611.300000,0.546000,91610.900000,0.001000,91619.000000,6.397000,91619.600000,2.521000,91620.000000,1.230000,91620.100000,0.002000,91621.900000,0.812000,91622.500000,6.548000,91622.700000,0.012000,91622.800000,0.029000,91624.000000,0.077000,91624.500000,0.002000
1764326057635,261589557860,91618.900000,6.273000,91615.800000,0.033000,91615.500000,0.002000,91615.200000,0.011000,91613.700000,0.005000,91612.200000,0.491000,91611.700000,0.077000,91611.300000,0.546000,91611.000000,0.745000,91610.900000,0.001000,91619.000000,5.943000,91619.600000,1.124000,91620.000000,1.230000,91620.100000,0.002000,91621.800000,0.812000,91622.700000,0.012000,91622.800000,1.981000,91623.600000,6.548000,91624.000000,0.077000,91624.500000,0.002000
1764326057888,261589565595,91618.900000,6.278000,91615.800000,0.033000,91615.500000,0.002000,91615.200000,0.011000,91613.700000,0.005000,91612.200000,0.491000,91611.700000,0.077000,91611.300000,0.546000,91610.900000,0.001000,91610.700000,0.001000,91619.000000,6.461000,91619.100000,0.812000,91619.600000,2.765000,91619.800000,6.548000,91620.000000,1.230000,91620.100000,0.002000,91622.700000,0.012000,91622.800000,0.030000,91624.000000,0.077000,91624.500000,0.002000
1764326058146,261589574299,91618.900000,6.932000,91615.800000,0.033000,91615.500000,0.002000,91615.200000,0.011000,91613.700000,0.005000,91612.200000,0.491000,91611.700000,0.077000,91611.300000,0.546000,91610.900000,0.001000,91610.700000,0.001000,91619.000000,6.452000,91619.600000,2.765000,91620.000000,1.230000,91620.100000,6.550000,91621.300000,0.005000,91622.700000,0.001000,91622.800000,0.030000,91624.000000,0.077000,91624.500000,0.002000,91626.000000,0.010000
1764326058400,261589581664,91618.900000,7.070000,91615.800000,0.033000,91615.500000,0.002000,91615.200000,0.011000,91613.700000,0.005000,91612.200000,0.491000,91611.700000,0.077000,91611.300000,0.546000,91610.900000,0.001000,91610.600000,0.745000,91619.000000,5.954000,91619.600000,2.765000,91620.000000,1.230000,91620.100000,0.002000,91621.000000,7.360000,91621.300000,0.005000,91622.700000,0.001000,91622.800000,0.030000,91624.000000,0.077000,91624.500000,0.002000
1764326058669,261589589762,91618.900000,6.751000,91615.800000,0.033000,91615.500000,0.002000,91615.200000,0.011000,91613.700000,0.005000,91612.200000,0.491000,91611.700000,0.077000,91611.300000,0.546000,91610.900000,0.001000,91609.800000,0.747000,91619.000000,6.535000,91619.600000,2.765000,91620.000000,1.230000,91620.100000,0.002000,91621.000000,6.548000,91621.300000,0.005000,91621.900000,0.812000,91622.700000,0.001000,91622.800000,0.030000,91624.000000,0.077000
1764326058935,261589597363,91618.900000,6.899000,91615.800000,0.033000,91615.500000,0.002000,91615.200000,0.011000,91613.700000,0.005000,91612.200000,0.491000,91611.700000,0.077000,91611.300000,0.546000,91610.900000,0.001000,91610.800000,0.745000,91619.000000,6.642000,91619.600000,2.765000,91620.000000,1.230000,91620.100000,0.002000,91621.000000,6.548000,91621.300000,0.005000,91622.100000,0.812000,91622.700000,0.001000,91622.800000,0.030000,91624.000000,0.077000
1764326059186,261589604362,91618.900000,7.081000,91615.800000,0.033000,91615.500000,0.002000,91615.200000,0.011000,91613.700000,0.005000,91612.200000,0.491000,91611.700000,0.077000,91611.300000,0.546000,91610.900000,0.001000,91609.800000,0.002000,91619.000000,6.005000,91619.600000,2.765000,91620.000000,7.778000,91620.100000,0.002000,91621.300000,0.005000,91622.700000,0.001000,91622.800000,0.030000,91624.000000,0.077000,91624.500000,0.002000,91626.000000,0.010000
1764326059438,261589611676,91618.900000,7.071000,91615.800000,0.033000,91615.500000,0.002000,91615.200000,0.011000,91613.700000,0.005000,91612.200000,0.491000,91612.000000,0.766000,91611.700000,0.077000,91611.300000,0.546000,91610.900000,0.001000,91619.000000,6.823000,91619.600000,2.277000,91620.000000,1.230000,91620.100000,0.002000,91621.000000,6.548000,91621.300000,0.005000,91622.700000,0.001000,91622.800000,0.257000,91623.000000,0.779000,91624.000000,0.077000
1764326059703,261589618982,91618.900000,7.117000,91615.800000,0.033000,91615.500000,0.002000,91615.200000,0.011000,91613.700000,0.005000,91612.400000,0.766000,91612.200000,0.491000,91611.700000,0.077000,91611.300000,0.546000,91610.900000,0.001000,91619.000000,6.732000,91619.600000,2.277000,91620.000000,1.230000,91620.100000,0.002000,91621.000000,6.548000,91621.300000,0.005000,91621.800000,0.779000,91622.700000,0.001000,91622.800000,0.030000,91624.000000,0.077000
1764326059963,261589628495,91618.900000,10.266000,91617.900000,16.372000,91615.900000,0.015000,91615.800000,0.033000,91611.800000,0.037000,91611.700000,0.077000,91610.900000,0.001000,91610.800000,0.776000,91609.800000,0.002000,91608.400000,1.044000,91619.000000,3.205000,91620.000000,0.013000,91620.100000,0.002000,91622.700000,0.001000,91624.500000,0.002000,91626.000000,0.010000,91626.600000,0.005000,91627.400000,0.001000,91627.700000,0.008000,91627.900000,0.270000
1764326060213,261589638013,91618.900000,10.444000,91618.000000,0.381000,91617.900000,0.077000,91616.900000,0.002000,91616.600000,0.011000,91615.100000,0.005000,91613.800000,0.491000,91613.000000,0.200000,91612.900000,0.546000,91611.700000,0.077000,91619.000000,1.582000,91619.900000,0.244000,91620.000000,0.013000,91620.100000,0.002000,91622.600000,0.776000,91622.700000,0.001000,91622.800000,0.033000,91623.300000,0.002000,91624.100000,0.011000,91624.500000,0.002000
1764326060463,261589644488,91618.900000,10.776000,91618.000000,0.381000,91617.900000,0.077000,91617.400000,0.766000,91616.900000,0.002000,91616.600000,0.011000,91615.800000,0.005000,91615.100000,0.005000,91613.800000,0.491000,91613.000000,0.200000,91619.000000,1.786000,91619.800000,0.319000,91620.000000,0.013000,91620.100000,0.002000,91622.600000,0.776000,91622.700000,0.001000,91622.800000,0.033000,91623.300000,0.002000,91624.100000,0.011000,91624.500000,0.002000
1764326060714,261589652014,91618.900000,10.550000,91618.000000,0.383000,91617.900000,0.077000,91617.800000,0.766000,91616.900000,0.002000,91616.600000,0.011000,91615.800000,0.005000,91615.100000,0.005000,91613.800000,0.491000,91613.000000,0.200000,91619.000000,1.743000,91620.000000,0.013000,91620.100000,0.002000,91622.500000,0.010000,91622.700000,0.001000,91622.800000,0.033000,91623.300000,0.002000,91624.100000,0.011000,91624.500000,0.002000,91625.900000,0.028000
1764326060965,261589660463,91618.900000,10.519000,91618.000000,0.175000,91617.900000,0.077000,91617.100000,0.766000,91616.900000,0.002000,91616.600000,0.011000,91615.800000,0.005000,91615.100000,0.005000,91613.000000,0.037000,91611.700000,0.077000,91619.000000,1.914000,91620.000000,0.013000,91620.100000,0.002000,91622.500000,0.241000,91622.600000,0.776000,91622.700000,0.001000,91622.800000,0.033000,91623.300000,0.002000,91624.100000,0.011000,91624.500000,0.002000
1764326061216,261589667670,91618.900000,10.104000,91618.000000,0.173000,91617.900000,0.077000,91616.900000,0.002000,91616.600000,0.011000,91615.800000,0.005000,91615.100000,0.005000,91613.800000,0.491000,91613.000000,0.195000,91612.900000,0.546000,91619.000000,1.853000,91620.000000,0.013000,91620.100000,0.002000,91622.500000,0.241000,91622.600000,0.776000,91622.700000,0.001000,91622.800000,0.033000,91623.300000,0.002000,91624.100000,0.011000,91624.500000,0.002000
1764326061466,261589674354,91618.900000,10.401000,91618.400000,0.438000,91618.300000,0.800000,91617.900000,0.077000,91616.900000,0.002000,91616.600000,0.011000,91615.800000,0.005000,91615.100000,0.005000,91613.800000,0.491000,91613.000000,0.195000,91619.000000,1.885000,91620.000000,0.013000,91620.100000,0.002000,91622.500000,0.241000,91622.600000,0.776000,91622.700000,0.001000,91622.800000,0.033000,91623.300000,0.002000,91624.100000,0.011000,91624.500000,0.002000
1764326061719,261589681389,91618.900000,10.562000,91618.400000,0.176000,91617.900000,0.877000,91616.900000,0.002000,91616.600000,0.011000,91615.800000,0.005000,91615.100000,0.005000,91613.000000,0.195000,91611.700000,0.077000,91610.900000,0.001000,91619.000000,1.858000,91620.000000,0.013000,91620.100000,0.002000,91622.500000,0.241000,91622.600000,0.776000,91622.700000,0.001000,91622.800000,0.033000,91623.300000,0.002000,91624.100000,0.011000,91624.500000,0.002000
1764326061969,261589689613,91618.900000,10.060000,91618.300000,0.415000,91617.900000,0.077000,91617.200000,0.800000,91616.900000,0.002000,91616.600000,0.011000,91615.800000,0.005000,91615.100000,0.005000,91613.800000,0.491000,91613.000000,0.195000,91619.000000,1.843000,91620.000000,0.013000,91620.100000,0.002000,91622.500000,0.241000,91622.600000,0.776000,91622.700000,0.001000,91622.800000,0.033000,91623.300000,0.002000,91624.100000,0.011000,91624.500000,0.002000
1764326062219,261589696645,91618.900000,10.430000,91618.300000,0.176000,91617.900000,0.077000,91616.900000,0.002000,91616.600000,0.011000,91615.800000,0.005000,91615.100000,0.005000,91613.800000,0.491000,91613.000000,0.195000,91612.900000,0.546000,91619.000000,1.847000,91620.000000,0.013000,91620.100000,0.002000,91622.500000,0.241000,91622.600000,0.776000,91622.700000,0.001000,91622.800000,0.033000,91624.500000,0.002000,91625.800000,0.027000,91626.000000,0.010000
1764326062472,261589703664,91618.900000,10.916000,91618.800000,0.415000,91618.700000,0.800000,91617.900000,0.077000,91616.900000,0.002000,91616.600000,0.011000,91615.800000,0.005000,91615.100000,0.005000,91613.800000,0.491000,91613.000000,0.195000,91619.000000,1.594000,91619.900000,0.019000,91620.000000,0.013000,91620.100000,0.002000,91620.600000,0.002000,91621.300000,0.011000,91622.700000,0.001000,91622.800000,0.033000,91624.500000,0.002000,91625.800000,0.027000
1764326062723,261589710354,91618.900000,10.267000,91618.800000,0.415000,91618.700000,0.800000,91617.900000,0.077000,91616.900000,0.002000,91616.600000,0.011000,91615.800000,0.005000,91615.100000,0.005000,91613.800000,0.491000,91613.000000,0.408000,91619.000000,1.627000,91619.900000,0.019000,91620.000000,0.013000,91620.100000,0.002000,91620.600000,0.002000,91621.300000,0.011000,91622.700000,0.001000,91622.800000,0.033000,91624.500000,0.002000,91625.800000,0.027000
1764326062977,261589716957,91618.900000,11.210000,91618.800000,0.176000,91617.900000,0.077000,91616.900000,0.002000,91616.600000,0.011000,91615.800000,0.005000,91615.100000,0.005000,91613.800000,0.491000,91613.000000,0.201000,91612.900000,0.546000,91619.000000,1.534000,91619.900000,0.019000,91620.000000,0.013000,91620.100000,0.002000,91620.600000,0.002000,91621.300000,0.011000,91622.700000,0.001000,91622.800000,0.033000,91624.500000,0.002000,91625.800000,0.027000
1764326063229,261589723696,91618.900000,11.989000,91618.800000,0.176000,91617.900000,0.077000,91616.900000,0.002000,91616.600000,0.011000,91615.800000,0.005000,91615.100000,0.005000,91613.800000,0.491000,91613.000000,0.407000,91612.900000,0.546000,91619.000000,1.611000,91619.900000,0.019000,91620.000000,0.013000,91620.100000,0.002000,91620.600000,0.002000,91621.300000,0.011000,91622.700000,0.001000,91622.800000,0.033000,91624.500000,0.002000,91625.800000,0.027000
1764326063485,261589730393,91618.900000,11.009000,91618.800000,0.176000,91617.900000,0.077000,91616.900000,0.002000,91616.600000,0.011000,91615.800000,0.005000,91615.100000,0.005000,91613.800000,0.491000,91613.000000,0.407000,91612.900000,0.546000,91619.000000,1.424000,91619.900000,0.019000,91620.000000,0.013000,91620.100000,0.002000,91620.600000,0.002000,91621.300000,0.011000,91622.700000,0.001000,91622.800000,0.033000,91624.500000,0.002000,91625.800000,0.027000
1764326063736,261589737284,91618.900000,11.166000,91618.800000,0.176000,91617.900000,0.077000,91616.900000,0.002000,91616.600000,0.011000,91615.800000,0.005000,91615.100000,0.005000,91613.800000,0.491000,91613.000000,0.407000,91612.900000,0.546000,91619.000000,1.528000,91619.900000,0.019000,91620.000000,0.013000,91620.100000,0.002000,91620.600000,0.002000,91621.300000,0.011000,91622.700000,0.001000,91622.800000,0.033000,91624.500000,0.002000,91625.800000,0.027000
1764326063986,261589743669,91618.900000,11.021000,91618.800000,0.176000,91617.900000,0.077000,91616.900000,0.002000,91616.600000,0.011000,91615.800000,0.005000,91615.100000,0.005000,91613.800000,0.491000,91613.000000,0.407000,91612.900000,0.546000,91619.000000,1.495000,91619.900000,0.019000,91620.000000,0.013000,91620.100000,0.002000,91620.600000,0.002000,91621.300000,0.011000,91622.700000,0.001000,91622.800000,0.033000,91624.500000,0.002000,91625.800000,0.027000
1764326064237,261589750894,91618.900000,11.035000,91618.800000,0.176000,91617.900000,0.077000,91616.900000,0.002000,91616.600000,0.011000,91615.800000,0.005000,91615.100000,0.005000,91613.800000,0.491000,91613.000000,0.407000,91612.900000,0.546000,91619.000000,1.592000,91619.900000,0.019000,91620.000000,0.013000,91620.100000,0.002000,91620.600000,0.002000,91621.300000,0.011000,91622.700000,0.001000,91622.800000,0.033000,91624.500000,0.002000,91625.800000,0.027000
1764326064492,261589757385,91618.900000,11.251000,91618.800000,0.176000,91617.900000,0.077000,91616.900000,0.002000,91616.600000,0.011000,91615.800000,0.005000,91615.100000,0.005000,91613.800000,0.491000,91613.000000,0.407000,91612.900000,0.546000,91619.000000,1.551000,91619.900000,0.019000,91620.000000,0.013000,91620.100000,0.002000,91620.600000,0.002000,91621.300000,0.011000,91622.700000,0.001000,91622.800000,0.033000,91624.500000,0.002000,91625.800000,0.027000
1764326064742,261589764548,91618.900000,11.286000,91618.800000,0.181000,91617.900000,0.077000,91616.900000,0.002000,91616.600000,0.011000,91615.800000,0.005000,91615.100000,0.005000,91613.800000,0.491000,91613.000000,0.407000,91612.900000,0.546000,91619.000000,1.599000,91619.900000,0.019000,91620.000000,0.013000,91620.100000,0.002000,91620.600000,0.002000,91621.300000,0.011000,91622.700000,0.001000,91622.800000,0.033000,91624.500000,0.002000,91625.800000,0.027000
1764326065001,261589771489,91618.900000,10.336000,91618.800000,0.181000,91617.900000,0.944000,91616.900000,0.002000,91616.600000,0.011000,91615.800000,0.005000,91615.100000,0.005000,91613.800000,0.491000,91613.000000,0.407000,91612.900000,0.546000,91619.000000,1.628000,91620.000000,0.013000,91620.100000,0.002000,91620.600000,0.002000,91621.300000,0.011000,91622.700000,0.001000,91622.800000,0.033000,91624.500000,0.002000,91625.800000,0.027000,91626.000000,0.010000
1764326065251,261589777944,91618.900000,10.818000,91618.800000,0.387000,91618.600000,0.765000,91617.900000,0.077000,91616.900000,0.002000,91616.600000,0.011000,91615.800000,0.005000,91615.100000,0.005000,91613.800000,0.491000,91613.000000,0.407000,91619.000000,1.586000,91619.900000,0.019000,91620.000000,0.013000,91620.100000,0.002000,91620.600000,0.002000,91621.300000,0.011000,91622.700000,0.001000,91622.800000,0.033000,91624.500000,0.002000,91625.800000,0.027000
1764326065504,261589784693,91618.900000,10.005000,91618.800000,0.387000,91618.600000,0.765000,91617.900000,0.077000,91616.900000,0.002000,91616.600000,0.011000,91615.800000,0.005000,91615.100000,0.005000,91613.800000,0.491000,91613.000000,0.407000,91619.000000,1.630000,91619.900000,0.019000,91620.000000,0.013000,91620.100000,0.002000,91620.600000,0.002000,91621.300000,0.011000,91622.700000,0.001000,91622.800000,0.033000,91624.500000,0.002000,91625.800000,0.027000
1764326065754,261589791229,91618.900000,10.360000,91618.800000,0.414000,91618.600000,0.765000,91617.900000,0.077000,91616.900000,0.002000,91616.600000,0.011000,91615.800000,0.005000,91615.100000,0.005000,91613.800000,0.491000,91613.000000,0.407000,91619.000000,1.521000,91619.900000,0.019000,91620.000000,0.013000,91620.100000,0.002000,91620.600000,0.002000,91621.300000,0.011000,91622.700000,0.001000,91622.800000,0.033000,91624.500000,0.002000,91625.800000,0.027000
1764326066007,261589798013,91618.900000,9.624000,91618.800000,0.414000,91617.900000,0.077000,91616.900000,0.002000,91616.600000,0.011000,91615.800000,0.005000,91615.100000,0.005000,91613.800000,0.491000,91613.000000,0.407000,91612.900000,0.546000,91619.000000,1.572000,91619.900000,0.019000,91620.000000,0.013000,91620.100000,0.002000,91620.600000,0.002000,91621.300000,0.011000,91622.700000,0.001000,91622.800000,0.033000,91624.500000,0.002000,91625.200000,0.277000
1764326066260,261589804342,91618.900000,10.010000,91618.800000,0.387000,91618.700000,0.765000,91617.900000,0.077000,91616.900000,0.002000,91616.600000,0.011000,91615.800000,0.005000,91615.100000,0.005000,91613.800000,0.491000,91613.000000,0.407000,91619.000000,1.601000,91619.400000,0.002000,91619.900000,0.019000,91620.000000,0.013000,91620.100000,0.002000,91621.300000,0.011000,91622.700000,0.001000,91622.800000,0.033000,91624.200000,0.005000,91624.500000,0.002000
1764326066514,261589811120,91618.900000,9.244000,91618.800000,0.387000,91618.700000,0.765000,91617.900000,0.077000,91616.900000,0.002000,91616.600000,0.011000,91615.800000,0.005000,91615.100000,0.005000,91613.800000,0.491000,91613.000000,0.407000,91619.000000,1.486000,91619.400000,0.002000,91619.900000,0.019000,91620.000000,0.013000,91620.100000,0.002000,91621.300000,0.011000,91622.700000,0.001000,91622.800000,0.033000,91624.200000,0.005000,91624.500000,0.002000
1764326066766,261589817450,91618.900000,9.976000,91618.800000,0.387000,91618.700000,0.765000,91617.900000,0.077000,91616.900000,0.002000,91616.600000,0.011000,91615.800000,0.005000,91615.100000,0.005000,91613.800000,0.491000,91613.000000,0.407000,91619.000000,1.651000,91619.400000,0.002000,91619.900000,0.019000,91620.000000,0.013000,91620.100000,0.002000,91621.300000,0.011000,91622.700000,0.001000,91622.800000,0.033000,91624.200000,0.005000,91624.500000,0.002000
1764326067021,261589824099,91618.900000,10.050000,91618.800000,0.387000,91618.700000,0.765000,91617.900000,0.077000,91616.900000,0.002000,91616.600000,0.011000,91615.800000,0.005000,91615.100000,0.059000,91613.800000,0.491000,91613.000000,0.407000,91619.000000,1.665000,91619.400000,0.002000,91619.900000,0.019000,91620.000000,0.013000,91620.100000,0.002000,91621.300000,0.011000,91622.700000,0.001000,91622.800000,0.033000,91624.200000,0.005000,91624.500000,0.002000
1764326067273,261589830555,91618.900000,9.620000,91618.800000,0.181000,91617.900000,0.077000,91616.900000,0.002000,91616.600000,0.011000,91615.800000,0.005000,91615.100000,0.059000,91613.800000,0.491000,91613.000000,0.407000,91612.900000,0.546000,91619.000000,1.703000,91619.400000,0.002000,91619.900000,0.019000,91620.000000,0.013000,91620.100000,0.002000,91621.300000,0.011000,91622.700000,0.001000,91622.800000,0.033000,91624.200000,0.005000,91624.500000,0.002000
1764326067525,261589838412,91618.900000,9.170000,91618.800000,0.005000,91618.000000,0.046000,91617.900000,0.077000,91616.900000,0.002000,91616.600000,0.011000,91615.800000,0.005000,91615.100000,0.059000,91613.000000,0.039000,91611.700000,0.077000,91619.000000,2.095000,91619.400000,0.002000,91619.900000,0.019000,91620.000000,0.013000,91620.100000,0.002000,91621.300000,0.011000,91622.700000,0.001000,91622.800000,0.033000,91624.200000,0.005000,91624.500000,0.002000
1764326067778,261589850880,91618.900000,7.025000,91618.800000,0.005000,91616.900000,0.002000,91616.600000,0.011000,91615.800000,0.005000,91615.100000,0.059000,91611.800000,0.039000,91611.700000,0.077000,91610.900000,0.001000,91610.600000,0.043000,91619.000000,14.558000,91619.300000,0.090000,91619.400000,0.002000,91620.000000,0.013000,91620.100000,0.002000,91622.700000,0.001000,91622.800000,0.284000,91622.900000,0.776000,91624.200000,0.082000,91624.500000,0.002000
1764326068030,261589859579,91618.900000,6.622000,91618.800000,0.005000,91616.900000,0.002000,91616.600000,0.011000,91615.800000,0.038000,91615.100000,0.059000,91613.800000,0.491000,91612.900000,0.546000,91611.800000,0.256000,91611.700000,0.077000,91619.000000,13.357000,91619.300000,0.333000,91619.400000,0.002000,91620.000000,0.013000,91620.100000,0.002000,91622.700000,0.001000,91622.800000,0.284000,91622.900000,0.776000,91624.200000,0.082000,91624.500000,0.002000
1764326068281,261589867068,91618.900000,6.259000,91618.800000,0.005000,91615.800000,0.038000,91615.100000,0.054000,91613.800000,0.491000,91612.900000,0.546000,91612.100000,0.011000,91611.800000,0.256000,91611.700000,0.077000,91610.900000,0.001000,91619.000000,13.332000,91619.300000,0.333000,91619.400000,0.002000,91620.000000,0.018000,91620.100000,0.002000,91620.200000,0.851000,91622.700000,0.001000,91622.800000,0.284000,91622.900000,0.776000,91624.200000,0.077000
1764326068534,261589874672,91618.900000,6.489000,91618.800000,0.005000,91615.800000,0.038000,91615.100000,0.054000,91613.800000,0.491000,91612.900000,0.546000,91612.400000,0.002000,91612.100000,0.011000,91611.700000,0.077000,91610.900000,0.001000,91619.000000,4.485000,91619.200000,0.092000,91619.400000,0.002000,91620.000000,0.018000,91620.100000,0.002000,91621.400000,6.548000,91622.700000,0.001000,91622.800000,0.284000,91622.900000,0.776000,91624.200000,0.077000
1764326068791,261589881830,91618.900000,6.346000,91618.800000,0.005000,91615.800000,0.038000,91615.100000,0.054000,91613.800000,0.491000,91612.900000,0.546000,91612.400000,0.002000,91612.100000,0.011000,91611.700000,0.077000,91610.900000,0.001000,91619.000000,3.402000,91619.200000,2.034000,91619.400000,0.002000,91620.000000,0.018000,91620.100000,0.002000,91621.400000,6.548000,91621.700000,0.851000,91622.700000,0.001000,91622.800000,0.284000,91622.900000,0.776000
1764326069049,261589888983,91618.900000,6.406000,91618.800000,0.005000,91615.800000,0.038000,91615.100000,0.054000,91613.800000,0.491000,91612.900000,0.546000,91612.600000,0.745000,91612.400000,0.002000,91612.100000,0.011000,91611.700000,0.077000,91619.000000,3.202000,91619.200000,2.034000,91619.400000,0.002000,91620.000000,0.018000,91620.100000,0.002000,91621.400000,7.399000,91622.700000,0.001000,91622.800000,0.284000,91622.900000,0.776000,91624.200000,0.077000
1764326069302,261589895675,91618.900000,6.236000,91618.800000,0.005000,91615.800000,0.038000,91615.100000,0.054000,91613.800000,0.491000,91612.900000,0.546000,91612.400000,0.002000,91612.100000,0.011000,91611.700000,0.077000,91610.900000,0.001000,91619.000000,3.267000,91619.200000,2.034000,91619.400000,0.002000,91620.000000,0.018000,91620.100000,0.002000,91620.800000,0.801000,91621.400000,6.548000,91622.700000,0.001000,91622.800000,0.284000,91622.900000,0.776000
1764326069552,261589902580,91618.900000,6.342000,91618.800000,0.005000,91615.800000,0.038000,91615.100000,0.054000,91613.800000,0.491000,91612.900000,0.546000,91612.400000,0.002000,91612.100000,0.011000,91611.700000,0.077000,91610.900000,0.001000,91619.000000,3.449000,91619.200000,2.034000,91619.400000,0.002000,91620.000000,0.018000,91620.100000,0.002000,91620.600000,0.801000,91621.400000,6.548000,91622.700000,0.001000,91622.800000,0.284000,91622.900000,0.776000
1764326069802,261589910514,91618.900000,6.206000,91618.800000,0.005000,91615.800000,0.038000,91615.100000,0.054000,91613.800000,0.491000,91612.900000,0.546000,91612.400000,0.002000,91612.300000,0.857000,91612.100000,0.011000,91611.700000,0.077000,91619.000000,3.464000,91619.200000,2.034000,91619.400000,0.002000,91620.000000,0.018000,91620.100000,0.002000,91620.700000,0.801000,91621.400000,6.548000,91622.700000,0.001000,91622.800000,0.284000,91622.900000,0.776000
1764326070059,261589918767,91618.900000,6.757000,91618.800000,0.005000,91615.800000,0.038000,91615.100000,0.054000,91613.800000,0.491000,91612.900000,0.546000,91612.400000,0.002000,91612.100000,0.011000,91611.700000,0.077000,91611.000000,0.087000,91619.000000,3.212000,91619.200000,2.034000,91619.400000,0.002000,91620.000000,0.018000,91620.100000,0.002000,91621.400000,6.548000,91622.700000,0.001000,91622.800000,0.284000,91622.900000,0.776000,91624.200000,0.077000
1764326070309,261589925664,91618.900000,6.183000,91618.800000,0.005000,91615.800000,0.038000,91615.100000,0.054000,91613.800000,0.491000,91612.900000,0.546000,91612.400000,0.002000,91612.100000,0.011000,91611.700000,0.077000,91611.000000,0.087000,91619.000000,3.223000,91619.200000,2.034000,91619.400000,0.002000,91620.000000,0.018000,91620.100000,0.002000,91621.400000,6.548000,91622.700000,0.001000,91622.800000,0.284000,91622.900000,0.776000,91624.200000,0.077000
1764326070567,261589932615,91618.900000,6.244000,91618.800000,0.005000,91615.800000,0.038000,91615.100000,0.054000,91613.800000,0.491000,91613.200000,0.857000,91612.900000,0.546000,91612.400000,0.002000,91612.100000,0.011000,91611.700000,0.077000,91619.000000,3.330000,91619.200000,2.034000,91619.400000,0.002000,91620.000000,0.018000,91620.100000,0.002000,91620.400000,0.801000,91621.400000,6.548000,91622.700000,0.001000,91622.800000,0.284000,91622.900000,0.776000
1764326070818,261589939740,91618.900000,6.078000,91618.800000,0.005000,91615.800000,0.038000,91615.100000,0.054000,91613.800000,0.491000,91612.900000,0.546000,91612.300000,0.002000,91612.000000,0.011000,91611.700000,0.077000,91611.000000,0.087000,91619.000000,3.447000,91619.200000,0.234000,91619.300000,0.801000,91619.400000,0.002000,91620.000000,6.566000,91620.100000,0.002000,91622.700000,0.001000,91622.800000,0.284000,91622.900000,0.776000,91624.200000,0.077000
1764326071068,261589946658,91618.900000,6.227000,91618.800000,0.005000,91615.800000,0.038000,91615.100000,0.054000,91613.800000,0.491000,91612.900000,0.546000,91612.300000,0.002000,91612.000000,0.011000,91611.700000,0.077000,91611.200000,0.857000,91619.000000,3.239000,91619.200000,2.171000,91619.300000,0.801000,91619.400000,0.002000,91619.800000,6.548000,91620.000000,0.018000,91620.100000,0.002000,91622.700000,0.001000,91622.800000,0.284000,91622.900000,0.776000
1764326071324,261589952656,91618.900000,6.529000,91618.800000,0.005000,91615.800000,0.038000,91615.100000,0.054000,91613.800000,0.491000,91612.900000,0.546000,91612.300000,0.002000,91612.000000,0.011000,91611.700000,0.077000,91611.000000,0.087000,91619.000000,3.379000,91619.200000,2.171000,91619.300000,0.801000,91619.400000,0.002000,91619.800000,6.548000,91620.000000,0.018000,91620.100000,0.002000,91622.700000,0.001000,91622.800000,0.284000,91622.900000,0.776000
1764326071574,261589958677,91618.900000,6.188000,91618.800000,0.005000,91615.800000,0.038000,91615.100000,0.054000,91613.800000,0.491000,91612.900000,0.546000,91612.300000,0.002000,91612.000000,0.011000,91611.700000,0.077000,91611.500000,0.745000,91619.000000,3.372000,91619.100000,6.548000,91619.200000,2.171000,91619.300000,0.801000,91619.400000,0.002000,91620.000000,0.018000,91620.100000,0.002000,91622.700000,0.001000,91622.800000,0.284000,91622.900000,0.776000
1764326071827,261589964552,91618.900000,6.018000,91618.800000,0.116000,91615.800000,0.038000,91615.100000,0.054000,91613.800000,0.491000,91612.900000,0.546000,91612.300000,0.002000,91612.000000,0.011000,91611.700000,0.077000,91611.000000,0.087000,91619.000000,4.450000,91619.100000,6.548000,91619.200000,0.234000,91619.300000,0.801000,91619.400000,0.002000,91620.000000,0.018000,91620.100000,0.002000,91622.700000,0.001000,91622.800000,0.284000,91622.900000,0.776000
1764326072081,261589971093,91618.900000,6.108000,91618.800000,0.116000,91615.800000,0.038000,91615.100000,0.054000,91613.800000,0.491000,91612.900000,0.546000,91612.300000,0.002000,91612.000000,0.011000,91611.700000,0.077000,91611.000000,0.087000,91619.000000,4.892000,91619.100000,6.548000,91619.200000,0.234000,91619.300000,0.801000,91619.400000,0.002000,91620.000000,0.018000,91620.100000,0.002000,91622.700000,0.001000,91622.800000,0.284000,91622.900000,0.776000
1764326072336,261589977063,91618.900000,6.457000,91618.800000,0.116000,91615.800000,0.038000,91615.100000,0.054000,91613.800000,0.491000,91612.900000,0.546000,91612.300000,0.002000,91612.000000,0.011000,91611.900000,0.745000,91611.700000,0.077000,91619.000000,4.805000,91619.100000,6.548000,91619.200000,0.234000,91619.300000,0.801000,91619.400000,0.002000,91620.000000,0.018000,91620.100000,0.002000,91622.700000,0.001000,91622.800000,0.284000,91622.900000,0.776000
1764326072591,261589983064,91618.900000,6.541000,91618.800000,0.116000,91615.800000,0.038000,91615.100000,0.054000,91613.800000,0.491000,91612.900000,0.546000,91612.600000,0.745000,91612.300000,0.002000,91612.000000,0.011000,91611.700000,0.077000,91619.000000,4.607000,91619.100000,6.548000,91619.200000,0.234000,91619.300000,0.801000,91619.400000,0.002000,91620.000000,0.018000,91620.100000,0.002000,91622.700000,0.001000,91622.800000,0.284000,91622.900000,0.776000
1764326072847,261589989110,91618.900000,6.292000,91618.800000,0.116000,91615.800000,0.038000,91615.100000,0.054000,91613.800000,0.491000,91612.900000,0.546000,91612.300000,0.002000,91612.000000,0.011000,91611.700000,0.077000,91611.000000,0.087000,91619.000000,4.525000,91619.200000,2.172000,91619.400000,0.002000,91619.800000,6.548000,91620.000000,0.018000,91620.100000,0.002000,91622.700000,0.001000,91622.800000,0.284000,91622.900000,0.776000,91624.200000,0.077000
1764326073097,261589995243,91618.900000,6.387000,91618.800000,0.116000,91615.800000,0.038000,91615.100000,0.054000,91613.800000,0.491000,91612.900000,0.546000,91612.300000,0.002000,91612.000000,0.011000,91611.700000,0.077000,91611.000000,0.087000,91619.000000,4.713000,91619.200000,2.172000,91619.400000,0.002000,91620.000000,0.018000,91620.100000,0.002000,91621.700000,6.548000,91622.700000,0.001000,91622.800000,0.284000,91622.900000,0.776000,91624.200000,0.077000
1764326073347,261590000888,91618.900000,6.233000,91618.800000,0.116000,91615.900000,0.837000,91615.800000,0.038000,91615.100000,0.054000,91613.800000,0.491000,91612.900000,0.546000,91612.300000,0.002000,91612.000000,0.011000,91611.700000,0.077000,91619.000000,4.532000,91619.200000,2.172000,91619.400000,0.002000,91620.000000,0.018000,91620.100000,0.002000,91621.700000,6.548000,91622.200000,0.804000,91622.700000,0.001000,91622.800000,0.284000,91622.900000,0.776000
1764326073602,261590005935,91618.900000,7.210000,91618.800000,0.116000,91615.900000,0.837000,91615.800000,0.038000,91615.100000,0.054000,91613.800000,0.491000,91612.900000,0.546000,91612.300000,0.002000,91612.000000,0.011000,91611.700000,0.077000,91619.000000,4.485000,91619.200000,2.172000,91619.400000,0.002000,91620.000000,0.018000,91620.100000,0.002000,91621.700000,6.548000,91622.200000,0.804000,91622.700000,0.001000,91622.800000,0.284000,91622.900000,0.776000
1764326073856,261590011084,91618.900000,6.486000,91618.800000,0.116000,91615.900000,0.837000,91615.800000,0.038000,91615.100000,0.054000,91613.800000,0.491000,91612.900000,0.546000,91612.300000,0.002000,91612.000000,0.011000,91611.700000,0.077000,91619.000000,4.475000,91619.200000,2.172000,91619.400000,0.002000,91620.000000,0.018000,91620.100000,0.002000,91621.700000,6.548000,91622.200000,0.804000,91622.700000,0.001000,91622.800000,0.284000,91622.900000,0.776000
1764326074120,261590017147,91618.900000,6.362000,91618.800000,0.116000,91615.900000,0.837000,91615.800000,0.038000,91615.100000,0.054000,91613.800000,0.491000,91612.900000,0.546000,91612.300000,0.002000,91612.000000,0.011000,91611.700000,0.077000,91619.000000,4.230000,91619.200000,2.172000,91619.400000,0.002000,91620.000000,0.018000,91620.100000,0.002000,91621.700000,6.548000,91622.200000,0.804000,91622.700000,0.001000,91622.800000,0.284000,91622.900000,0.776000
1764326074373,261590023346,91618.900000,5.882000,91618.800000,0.116000,91616.500000,0.837000,91615.800000,0.038000,91615.100000,0.054000,91613.800000,0.491000,91612.900000,0.546000,91612.300000,0.002000,91612.000000,0.011000,91611.700000,0.077000,91619.000000,4.435000,91619.200000,2.172000,91619.400000,0.002000,91620.000000,0.018000,91620.100000,0.002000,91621.700000,6.548000,91622.700000,0.001000,91622.800000,0.483000,91622.900000,0.776000,91624.000000,0.791000
1764326074624,261590029175,91618.900000,6.698000,91618.800000,0.116000,91617.200000,0.837000,91615.800000,0.038000,91615.100000,0.054000,91613.800000,0.491000,91612.900000,0.546000,91612.300000,0.002000,91612.000000,0.011000,91611.700000,0.077000,91619.000000,4.449000,91619.200000,2.172000,91619.400000,0.002000,91620.000000,0.018000,91620.100000,0.002000,91620.900000,6.548000,91622.700000,0.001000,91622.800000,0.483000,91622.900000,0.776000,91624.200000,0.077000
1764326074874,261590035457,91618.900000,7.432000,91618.800000,0.116000,91618.100000,0.837000,91615.800000,0.038000,91615.100000,0.054000,91613.800000,0.491000,91613.000000,0.218000,91612.900000,0.546000,91612.300000,0.002000,91612.000000,0.011000,91619.000000,2.804000,91619.400000,0.002000,91619.900000,0.581000,91620.000000,0.018000,91620.100000,0.002000,91622.700000,0.001000,91622.800000,2.412000,91622.900000,0.776000,91624.200000,0.077000,91624.500000,0.002000
1764326075130,261590041593,91618.900000,7.765000,91618.800000,0.116000,91618.700000,0.837000,91615.800000,0.038000,91615.100000,0.054000,91612.300000,0.002000,91612.000000,0.011000,91611.800000,0.354000,91611.700000,0.077000,91611.200000,0.491000,91619.000000,2.565000,91619.400000,0.002000,91619.900000,0.006000,91620.000000,0.018000,91620.100000,0.002000,91622.700000,0.001000,91622.800000,0.283000,91622.900000,0.776000,91624.200000,0.077000,91624.500000,0.002000
1764326075382,261590047779,91618.900000,8.985000,91618.800000,0.116000,91615.800000,0.038000,91615.100000,0.054000,91613.700000,0.002000,91612.000000,0.011000,91611.800000,0.354000,91611.700000,0.077000,91611.200000,0.491000,91611.000000,0.087000,91619.000000,2.568000,91619.900000,0.006000,91620.000000,0.013000,91620.100000,0.002000,91621.100000,0.005000,91622.700000,0.001000,91622.800000,2.201000,91622.900000,0.776000,91624.200000,0.077000,91624.500000,0.002000
1764326075633,261590053788,91618.900000,8.112000,91618.800000,0.150000,91615.800000,0.038000,91615.100000,0.054000,91613.700000,0.002000,91612.000000,0.011000,91611.800000,0.354000,91611.700000,0.077000,91611.200000,0.491000,91611.000000,0.087000,91619.000000,2.852000,91619.900000,0.006000,91620.000000,0.013000,91620.100000,0.002000,91621.100000,0.005000,91622.700000,0.001000,91622.800000,2.201000,91622.900000,0.776000,91624.200000,0.077000,91624.500000,0.002000
1764326075885,261590059725,91618.900000,7.385000,91618.800000,0.123000,91615.900000,0.028000,91615.800000,0.038000,91615.100000,0.054000,91613.700000,0.002000,91612.000000,0.011000,91611.800000,0.354000,91611.700000,0.077000,91611.200000,0.491000,91619.000000,2.674000,91619.900000,0.006000,91620.000000,0.013000,91620.100000,0.002000,91621.100000,0.005000,91622.700000,0.001000,91622.800000,2.201000,91622.900000,0.776000,91624.200000,0.077000,91624.500000,0.002000
1764326076135,261590065920,91618.900000,7.223000,91618.800000,0.116000,91617.800000,0.866000,91615.800000,0.038000,91615.100000,0.054000,91613.700000,0.002000,91612.000000,0.011000,91611.800000,0.354000,91611.700000,0.077000,91611.200000,0.491000,91619.000000,2.493000,91619.900000,0.006000,91620.000000,0.013000,91620.100000,0.002000,91621.100000,0.005000,91622.700000,0.001000,91622.800000,2.201000,91622.900000,0.776000,91624.200000,0.077000,91624.500000,0.002000
1764326076387,261590071852,91618.900000,7.867000,91618.800000,0.116000,91617.200000,0.866000,91615.800000,0.038000,91615.100000,0.054000,91613.700000,0.002000,91612.000000,0.011000,91611.800000,0.354000,91611.700000,0.077000,91611.200000,0.491000,91619.000000,2.731000,91619.900000,0.006000,91620.000000,0.013000,91620.100000,0.002000,91621.100000,0.005000,91622.700000,0.001000,91622.800000,2.201000,91622.900000,0.776000,91624.200000,0.077000,91624.500000,0.002000
1764326076645,261590077805,91618.900000,7.597000,91618.800000,0.116000,91618.000000,0.866000,91615.800000,0.038000,91615.100000,0.054000,91613.700000,0.002000,91612.000000,0.011000,91611.800000,0.354000,91611.700000,0.077000,91611.200000,0.491000,91619.000000,2.368000,91619.900000,0.006000,91620.000000,0.013000,91620.100000,0.002000,91621.100000,0.005000,91622.700000,0.001000,91622.800000,2.201000,91622.900000,0.776000,91624.200000,0.077000,91624.500000,0.002000
1764326076899,261590083770,91618.900000,6.499000,91618.800000,0.116000,91618.000000,0.866000,91615.800000,0.038000,91615.100000,0.054000,91613.700000,0.002000,91612.000000,0.011000,91611.800000,0.354000,91611.700000,0.077000,91611.200000,0.491000,91619.000000,2.368000,91619.900000,0.006000,91620.000000,0.013000,91620.100000,0.002000,91621.100000,0.005000,91622.700000,0.001000,91622.800000,2.201000,91622.900000,0.776000,91624.200000,0.077000,91624.500000,0.002000
1764326077154,261590089771,91618.900000,6.971000,91618.800000,0.116000,91615.800000,0.038000,91615.100000,0.054000,91613.700000,0.002000,91612.000000,0.011000,91611.800000,0.354000,91611.700000,0.077000,91611.200000,0.491000,91611.000000,0.087000,91619.000000,2.643000,91619.900000,0.006000,91620.000000,0.013000,91620.100000,0.002000,91621.100000,0.005000,91622.700000,0.001000,91622.800000,2.201000,91622.900000,0.776000,91624.200000,0.077000,91624.500000,0.002000
1764326077405,261590095560,91618.900000,7.110000,91618.800000,0.116000,91615.800000,0.038000,91615.100000,0.054000,91613.700000,0.002000,91612.000000,0.011000,91611.800000,0.354000,91611.700000,0.077000,91611.200000,0.491000,91611.000000,0.087000,91619.000000,2.818000,91619.900000,0.006000,91620.000000,0.013000,91620.100000,0.002000,91621.100000,0.005000,91622.700000,0.001000,91622.800000,2.201000,91622.900000,0.776000,91624.200000,0.077000,91624.500000,0.002000
1764326077656,261590101311,91618.900000,5.882000,91618.800000,0.116000,91615.800000,0.038000,91615.100000,0.054000,91613.700000,0.002000,91612.000000,0.011000,91611.800000,0.354000,91611.700000,0.077000,91611.200000,0.491000,91611.000000,0.087000,91619.000000,3.145000,91619.900000,2.193000,91620.000000,0.013000,91620.100000,0.002000,91621.100000,0.005000,91622.600000,6.548000,91622.700000,0.001000,91622.800000,0.283000,91622.900000,0.776000,91624.200000,0.077000
1764326077906,261590107050,91618.900000,6.521000,91618.800000,0.116000,91615.800000,0.038000,91615.100000,0.054000,91613.700000,0.002000,91612.000000,0.011000,91611.800000,0.354000,91611.700000,0.077000,91611.200000,0.491000,91611.000000,0.087000,91619.000000,3.014000,91619.900000,2.193000,91620.000000,0.013000,91620.100000,0.002000,91621.100000,0.005000,91622.600000,6.548000,91622.700000,0.001000,91622.800000,0.283000,91622.900000,0.776000,91624.200000,0.077000
1764326078156,261590112574,91618.900000,6.626000,91618.800000,0.116000,91615.800000,0.038000,91615.100000,0.054000,91613.700000,0.002000,91612.000000,0.011000,91611.800000,0.354000,91611.700000,0.077000,91611.200000,0.491000,91611.000000,0.087000,91619.000000,3.075000,91619.900000,2.193000,91620.000000,0.013000,91620.100000,0.002000,91621.100000,0.005000,91622.600000,6.548000,91622.700000,0.001000,91622.800000,0.283000,91622.900000,0.776000,91624.200000,0.077000
1764326078408,261590118185,91618.900000,6.178000,91618.800000,0.116000,91616.300000,0.768000,91615.800000,0.038000,91615.100000,0.054000,91613.700000,0.002000,91612.000000,0.011000,91611.800000,0.354000,91611.700000,0.077000,91611.200000,0.491000,91619.000000,3.018000,91619.900000,2.193000,91620.000000,0.013000,91620.100000,0.002000,91621.100000,0.005000,91622.600000,6.548000,91622.700000,0.001000,91622.800000,0.283000,91622.900000,0.776000,91623.400000,0.779000
1764326078661,261590125051,91618.900000,6.270000,91618.800000,0.116000,91616.600000,0.768000,91615.800000,0.038000,91615.100000,0.054000,91613.700000,0.002000,91612.000000,0.011000,91611.700000,0.077000,91611.000000,0.087000,91610.900000,0.001000,91619.000000,3.209000,91619.900000,2.193000,91620.000000,0.013000,91620.100000,0.002000,91621.100000,0.005000,91622.600000,6.548000,91622.700000,0.001000,91622.800000,0.479000,91622.900000,0.776000,91623.600000,0.779000
1764326078912,261590131742,91618.900000,6.468000,91618.800000,0.116000,91617.200000,0.768000,91615.800000,0.038000,91615.100000,0.054000,91613.700000,0.002000,91612.000000,0.011000,91611.700000,0.077000,91611.200000,0.491000,91611.000000,0.087000,91619.000000,3.220000,91619.900000,2.193000,91620.000000,0.013000,91620.100000,0.002000,91621.100000,0.005000,91622.600000,6.548000,91622.700000,0.001000,91622.800000,0.479000,91622.900000,0.776000,91623.600000,0.779000
1764326079165,261590138993,91618.900000,6.701000,91618.800000,0.116000,91617.500000,0.753000,91615.800000,0.038000,91615.100000,0.054000,91613.700000,0.002000,91612.000000,0.011000,91611.700000,0.077000,91611.200000,0.491000,91611.000000,0.087000,91619.000000,3.187000,91619.900000,2.193000,91620.000000,0.013000,91620.100000,0.002000,91621.100000,0.005000,91622.600000,6.548000,91622.700000,0.001000,91622.800000,0.479000,91622.900000,0.776000,91624.000000,0.856000
1764326079418,261590144923,91618.900000,6.539000,91618.800000,0.116000,91615.800000,0.038000,91615.100000,0.054000,91613.700000,0.002000,91612.000000,0.011000,91611.700000,0.077000,91611.200000,0.491000,91611.000000,0.087000,91610.900000,0.001000,91619.000000,2.740000,91619.900000,2.193000,91620.000000,0.013000,91620.100000,0.002000,91621.100000,0.005000,91622.700000,0.001000,91622.800000,0.283000,91622.900000,0.776000,91624.100000,6.548000,91624.200000,0.077000
1764326079668,261590150422,91618.900000,6.259000,91618.800000,0.116000,91617.000000,0.753000,91615.800000,0.038000,91615.100000,0.054000,91613.700000,0.002000,91612.000000,0.011000,91611.700000,0.077000,91611.200000,0.491000,91611.000000,0.087000,91619.000000,3.044000,91619.900000,0.006000,91620.000000,0.013000,91620.100000,0.002000,91621.100000,0.005000,91622.700000,0.001000,91622.800000,2.201000,91622.900000,0.776000,91623.000000,6.548000,91624.200000,0.077000
1764326079922,261590156331,91618.900000,5.882000,91618.800000,0.116000,91618.100000,0.753000,91615.800000,0.038000,91615.100000,0.059000,91613.700000,0.002000,91612.000000,0.011000,91611.700000,0.077000,91611.200000,0.491000,91611.000000,0.087000,91619.000000,3.112000,91619.900000,0.006000,91620.000000,0.013000,91620.100000,0.002000,91621.100000,0.005000,91622.700000,0.001000,91622.800000,2.201000,91622.900000,0.776000,91623.600000,6.548000,91624.200000,0.077000
1764326080173,261590161967,91618.900000,5.882000,91618.800000,0.116000,91617.500000,0.753000,91615.800000,0.038000,91615.100000,0.059000,91613.700000,0.002000,91612.000000,0.011000,91611.700000,0.077000,91611.200000,0.491000,91611.000000,0.087000,91619.000000,2.815000,91619.900000,0.006000,91620.000000,0.013000,91620.100000,0.002000,91621.100000,0.005000,91622.700000,0.001000,91622.800000,2.201000,91622.900000,0.776000,91623.600000,6.548000,91623.900000,0.856000
1764326080424,261590167514,91618.900000,6.529000,91618.800000,0.116000,91615.800000,0.038000,91615.100000,0.059000,91613.700000,0.002000,91612.000000,0.011000,91611.700000,0.077000,91611.200000,0.491000,91611.000000,0.087000,91610.900000,0.001000,91619.000000,2.968000,91619.900000,0.006000,91620.000000,0.013000,91620.100000,0.002000,91621.100000,0.005000,91622.700000,0.001000,91622.800000,2.201000,91622.900000,0.776000,91623.600000,6.548000,91624.200000,0.077000
1764326080679,261590173126,91618.900000,6.199000,91618.800000,0.116000,91615.800000,0.038000,91615.100000,0.059000,91613.700000,0.002000,91612.000000,0.011000,91611.700000,0.077000,91611.200000,0.491000,91611.000000,0.087000,91610.900000,0.001000,91619.000000,3.031000,91619.900000,0.261000,91620.000000,0.013000,91620.100000,0.002000,91621.100000,0.005000,91622.700000,0.001000,91622.800000,3.057000,91622.900000,0.776000,91623.000000,6.548000,91624.200000,0.077000
1764326080933,261590178433,91618.900000,6.734000,91618.800000,0.116000,91617.300000,0.753000,91615.800000,0.038000,91615.100000,0.059000,91613.700000,0.002000,91612.000000,0.011000,91611.700000,0.077000,91611.200000,0.491000,91611.000000,0.087000,91619.000000,2.928000,91619.900000,0.261000,91620.000000,0.013000,91620.100000,0.002000,91621.100000,0.005000,91622.700000,0.001000,91622.800000,3.057000,91622.900000,0.776000,91623.000000,6.548000,91624.200000,0.077000
1764326081183,261590183943,91618.900000,6.264000,91618.800000,0.116000,91617.300000,0.753000,91615.800000,0.038000,91615.100000,0.059000,91613.700000,0.002000,91612.000000,0.011000,91611.700000,0.077000,91611.200000,0.491000,91611.000000,0.087000,91619.000000,2.937000,91619.900000,0.261000,91620.000000,0.013000,91620.100000,0.002000,91621.100000,0.005000,91622.700000,0.001000,91622.800000,3.057000,91622.900000,0.776000,91623.000000,6.548000,91624.200000,0.077000
1764326081437,261590189715,91618.900000,7.158000,91618.800000,0.116000,91617.300000,0.753000,91615.800000,0.038000,91615.100000,0.059000,91613.700000,0.002000,91612.000000,0.011000,91611.700000,0.077000,91611.200000,0.491000,91611.000000,0.087000,91619.000000,3.174000,91619.900000,0.261000,91620.000000,0.013000,91620.100000,0.002000,91621.100000,0.005000,91622.700000,0.001000,91622.800000,3.057000,91622.900000,0.776000,91623.000000,6.548000,91624.200000,0.077000
1764326081687,261590195042,91618.900000,6.629000,91618.800000,0.116000,91617.300000,0.753000,91615.800000,0.038000,91615.100000,0.059000,91613.700000,0.002000,91612.000000,0.011000,91611.700000,0.077000,91611.200000,0.491000,91611.000000,0.087000,91619.000000,3.027000,91619.900000,0.261000,91620.000000,0.013000,91620.100000,0.002000,91621.100000,0.005000,91622.700000,0.001000,91622.800000,3.057000,91622.900000,0.776000,91623.000000,6.548000,91624.200000,0.077000
1764326081947,261590198860,91618.900000,6.524000,91618.800000,0.116000,91617.300000,0.753000,91615.800000,0.038000,91615.100000,0.059000,91613.700000,0.002000,91612.000000,0.011000,91611.700000,0.077000,91611.200000,0.491000,91611.000000,0.087000,91619.000000,2.633000,91619.900000,0.261000,91620.000000,0.013000,91620.100000,0.002000,91621.100000,0.005000,91622.700000,0.001000,91622.800000,3.057000,91622.900000,0.776000,91623.000000,6.548000,91624.200000,0.077000
1764326082202,261590203799,91618.900000,5.852000,91618.800000,0.116000,91618.200000,0.783000,91615.800000,0.038000,91615.100000,0.059000,91613.700000,0.002000,91612.000000,0.011000,91611.700000,0.077000,91611.200000,0.491000,91611.000000,0.087000,91619.000000,2.980000,91619.900000,0.006000,91620.000000,0.013000,91620.100000,0.002000,91621.100000,0.005000,91622.700000,0.001000,91622.800000,2.201000,91622.900000,0.776000,91623.100000,6.548000,91623.700000,0.802000
1764326082453,261590209539,91618.900000,6.300000,91618.800000,0.116000,91618.200000,0.783000,91615.800000,0.038000,91615.100000,0.059000,91613.700000,0.002000,91612.000000,0.011000,91611.700000,0.077000,91611.200000,0.491000,91611.000000,0.087000,91619.000000,2.652000,91619.900000,0.006000,91620.000000,0.013000,91620.100000,0.002000,91621.100000,0.005000,91622.700000,0.001000,91622.800000,2.201000,91622.900000,0.776000,91623.500000,6.548000,91623.700000,0.802000
1764326082703,261590214607,91618.900000,6.702000,91618.800000,0.116000,91615.800000,0.038000,91615.100000,0.059000,91613.700000,0.002000,91612.000000,0.011000,91611.700000,0.077000,91611.200000,0.491000,91611.000000,0.087000,91610.900000,0.001000,91619.000000,2.923000,91619.900000,0.006000,91620.000000,0.013000,91620.100000,0.002000,91621.100000,0.005000,91622.700000,0.001000,91622.800000,2.201000,91622.900000,7.324000,91624.200000,0.077000,91624.500000,0.002000
1764326082954,261590219636,91618.900000,6.508000,91618.800000,0.116000,91615.800000,0.038000,91615.100000,0.059000,91613.700000,0.002000,91612.000000,0.011000,91611.700000,0.077000,91611.200000,0.491000,91611.000000,0.087000,91610.900000,0.001000,91619.000000,2.625000,91619.900000,0.006000,91620.000000,0.013000,91620.100000,0.002000,91621.100000,0.005000,91622.700000,0.001000,91622.800000,2.201000,91622.900000,0.776000,91623.500000,6.548000,91624.200000,0.077000
1764326083207,261590224707,91618.900000,6.398000,91618.800000,0.116000,91617.900000,0.783000,91615.800000,0.038000,91615.100000,0.059000,91613.700000,0.002000,91612.000000,0.011000,91611.700000,0.077000,91611.200000,0.491000,91611.000000,0.087000,91619.000000,2.495000,91619.900000,0.006000,91620.000000,0.013000,91620.100000,0.002000,91621.100000,0.005000,91622.700000,0.001000,91622.800000,2.201000,91622.900000,0.776000,91623.200000,0.849000,91623.600000,6.548000
1764326083469,261590229699,91618.900000,6.418000,91618.800000,0.116000,91618.300000,0.785000,91615.800000,0.038000,91615.100000,0.059000,91613.700000,0.002000,91612.000000,0.011000,91611.700000,0.077000,91611.200000,0.491000,91611.000000,0.087000,91619.000000,2.392000,91619.900000,0.006000,91620.000000,0.013000,91620.100000,0.002000,91621.100000,0.005000,91622.700000,0.001000,91622.800000,2.201000,91622.900000,0.776000,91623.200000,0.849000,91623.600000,6.548000
1764326083719,261590234638,91618.900000,6.209000,91618.800000,0.116000,91615.800000,0.038000,91615.100000,0.059000,91613.700000,0.002000,91612.000000,0.011000,91611.700000,0.077000,91611.200000,0.491000,91611.000000,0.087000,91610.900000,0.001000,91619.000000,2.894000,91619.900000,0.006000,91620.000000,0.013000,91620.100000,0.002000,91621.100000,0.005000,91622.700000,0.001000,91622.800000,2.201000,91622.900000,0.776000,91623.800000,0.849000,91624.200000,6.625000
1764326083971,261590239571,91618.900000,6.285000,91618.800000,0.116000,91615.800000,0.038000,91615.100000,0.059000,91613.700000,0.002000,91612.000000,0.011000,91611.700000,0.077000,91611.200000,0.491000,91611.000000,0.087000,91610.900000,0.001000,91619.000000,2.851000,91619.900000,0.006000,91620.000000,0.013000,91620.100000,0.002000,91621.100000,0.005000,91622.700000,0.001000,91622.800000,2.201000,91622.900000,0.776000,91623.600000,6.548000,91624.200000,0.077000
1764326084226,261590244475,91618.900000,6.643000,91618.800000,0.116000,91618.400000,0.785000,91615.800000,0.038000,91615.100000,0.059000,91613.700000,0.002000,91612.000000,0.011000,91611.700000,0.077000,91611.200000,0.491000,91611.000000,0.087000,91619.000000,2.789000,91619.900000,0.006000,91620.000000,0.013000,91620.100000,0.002000,91621.100000,0.005000,91622.700000,0.001000,91622.800000,2.201000,91622.900000,0.776000,91623.600000,7.397000,91624.200000,0.077000
1764326084477,261590249426,91618.900000,6.344000,91618.800000,0.116000,91617.900000,0.785000,91615.800000,0.038000,91615.100000,0.059000,91613.700000,0.002000,91612.000000,0.011000,91611.700000,0.077000,91611.200000,0.491000,91611.000000,0.087000,91619.000000,2.886000,91619.900000,0.006000,91620.000000,0.013000,91620.100000,0.002000,91621.100000,0.005000,91622.700000,0.001000,91622.800000,2.201000,91622.900000,0.776000,91623.100000,0.849000,91623.600000,6.548000
1764326084729,261590254008,91618.900000,6.636000,91618.800000,0.116000,91615.800000,0.038000,91615.100000,0.059000,91613.700000,0.002000,91612.000000,0.011000,91611.700000,0.077000,91611.200000,0.491000,91611.000000,0.087000,91610.900000,0.001000,91619.000000,3.017000,91619.900000,0.006000,91620.000000,0.013000,91620.100000,0.002000,91621.100000,0.005000,91622.700000,0.001000,91622.800000,2.201000,91622.900000,0.776000,91623.100000,6.548000,91624.200000,0.077000
1764326084988,261590259038,91618.900000,6.735000,91618.800000,0.116000,91615.800000,0.038000,91615.100000,0.059000,91613.700000,0.002000,91612.000000,0.011000,91611.700000,0.077000,91611.200000,0.491000,91611.000000,0.087000,91610.900000,0.001000,91619.000000,2.859000,91619.900000,0.006000,91620.000000,0.013000,91620.100000,0.002000,91621.100000,0.005000,91622.700000,0.001000,91622.800000,2.201000,91622.900000,0.776000,91623.600000,6.548000,91624.200000,0.077000
1764326085240,261590263747,91618.900000,6.658000,91618.800000,0.116000,91615.800000,0.038000,91615.100000,0.059000,91613.700000,0.002000,91612.000000,0.011000,91611.700000,0.077000,91611.200000,0.491000,91611.000000,0.087000,91610.900000,0.001000,91619.000000,2.534000,91619.900000,0.006000,91620.000000,0.013000,91620.100000,0.002000,91621.100000,0.005000,91622.700000,0.001000,91622.800000,2.201000,91622.900000,0.776000,91624.200000,6.625000,91624.500000,0.002000
1764326085490,261590268699,91618.900000,6.623000,91618.800000,0.116000,91617.300000,0.869000,91615.800000,0.038000,91615.100000,0.059000,91613.700000,0.002000,91612.000000,0.011000,91611.700000,0.077000,91611.200000,0.491000,91611.000000,0.087000,91619.000000,2.649000,91619.900000,0.006000,91620.000000,0.013000,91620.100000,0.002000,91622.700000,0.001000,91622.800000,2.201000,91622.900000,1.646000,91623.600000,6.548000,91624.200000,0.077000,91624.500000,0.002000
1764326085742,261590273530,91618.900000,6.719000,91618.800000,0.116000,91618.000000,0.869000,91615.800000,0.038000,91615.100000,0.059000,91613.700000,0.002000,91612.000000,0.011000,91611.700000,0.077000,91611.200000,0.491000,91611.000000,0.087000,91619.000000,2.539000,91619.900000,0.006000,91620.000000,0.013000,91620.100000,0.002000,91622.700000,0.001000,91622.800000,2.201000,91622.900000,0.776000,91624.200000,0.077000,91624.500000,0.002000,91626.000000,0.010000
1764326085997,261590278157,91618.900000,6.585000,91618.800000,0.116000,91618.000000,0.869000,91615.800000,0.038000,91615.100000,0.059000,91613.700000,0.002000,91612.000000,0.011000,91611.700000,0.077000,91611.200000,0.491000,91611.000000,0.087000,91619.000000,2.749000,91619.900000,0.006000,91620.000000,0.013000,91620.100000,0.002000,91622.700000,0.001000,91622.800000,2.201000,91622.900000,0.776000,91623.200000,0.870000,91623.500000,6.548000,91624.200000,0.077000
1764326086251,261590282894,91618.900000,6.463000,91618.800000,0.116000,91618.000000,0.869000,91615.800000,0.038000,91615.100000,0.059000,91613.700000,0.002000,91612.000000,0.011000,91611.700000,0.077000,91611.200000,0.491000,91611.000000,0.087000,91619.000000,2.322000,91619.900000,0.006000,91620.000000,0.013000,91620.100000,0.002000,91622.700000,0.001000,91622.800000,2.201000,91622.900000,0.776000,91623.200000,0.870000,91623.600000,6.548000,91624.200000,0.077000
1764326086504,261590287775,91618.900000,6.190000,91618.800000,0.116000,91618.000000,0.869000,91615.800000,0.038000,91615.100000,0.059000,91613.700000,0.002000,91612.000000,0.011000,91611.700000,0.077000,91611.200000,0.491000,91611.000000,0.087000,91619.000000,2.322000,91619.900000,0.006000,91620.000000,0.013000,91620.100000,0.002000,91622.700000,0.001000,91622.800000,2.201000,91622.900000,0.776000,91623.600000,6.548000,91623.700000,0.870000,91624.200000,0.077000
1764326086754,261590292146,91618.900000,6.575000,91618.800000,0.116000,91618.000000,0.869000,91615.800000,0.038000,91615.100000,0.059000,91613.700000,0.002000,91612.000000,0.011000,91611.700000,0.077000,91611.200000,0.491000,91611.000000,0.087000,91619.000000,2.573000,91619.900000,0.006000,91620.000000,0.013000,91620.100000,0.002000,91622.700000,0.001000,91622.800000,2.201000,91622.900000,0.776000,91623.600000,6.548000,91623.700000,0.870000,91624.200000,0.077000
1764326087006,261590296736,91618.900000,6.269000,91618.800000,0.116000,91617.700000,0.869000,91615.800000,0.038000,91615.100000,0.059000,91613.700000,0.002000,91612.000000,0.011000,91611.700000,0.077000,91611.200000,0.491000,91611.000000,0.087000,91619.000000,2.615000,91619.900000,0.006000,91620.000000,0.013000,91620.100000,0.002000,91622.700000,0.001000,91622.800000,2.201000,91622.900000,0.776000,91623.200000,0.870000,91623.600000,6.548000,91624.200000,0.077000
1764326087258,261590301444,91618.900000,6.389000,91618.800000,0.005000,91615.800000,0.038000,91615.100000,0.059000,91613.700000,0.002000,91612.000000,0.011000,91611.700000,0.077000,91611.000000,0.087000,91610.900000,0.001000,91610.300000,0.005000,91619.000000,2.633000,91619.900000,0.242000,91620.000000,0.013000,91620.100000,0.002000,91620.200000,0.796000,91622.700000,0.001000,91622.800000,2.201000,91622.900000,0.776000,91624.200000,0.077000,91624.500000,0.002000
1764326087510,261590306253,91618.900000,6.329000,91618.800000,0.005000,91615.800000,0.038000,91615.100000,0.059000,91613.700000,0.002000,91612.000000,0.011000,91611.700000,0.077000,91611.200000,0.491000,91611.000000,0.087000,91610.900000,0.001000,91619.000000,2.167000,91619.900000,0.006000,91620.000000,0.013000,91620.100000,0.002000,91622.700000,0.001000,91622.800000,2.201000,91622.900000,0.776000,91624.200000,0.077000,91624.500000,0.002000,91624.800000,6.548000
1764326087763,261590310831,91618.900000,6.302000,91618.800000,0.005000,91616.400000,0.874000,91615.800000,0.038000,91615.100000,0.059000,91613.700000,0.002000,91612.000000,0.011000,91611.700000,0.077000,91611.200000,0.491000,91611.000000,0.087000,91619.000000,2.328000,91619.900000,0.242000,91620.000000,0.013000,91620.100000,0.002000,91622.200000,0.796000,91622.700000,0.001000,91622.800000,2.201000,91622.900000,0.776000,91624.200000,0.077000,91624.500000,0.002000
1764326088013,261590315426,91618.900000,6.474000,91618.800000,0.005000,91615.800000,0.038000,91615.100000,0.059000,91613.700000,0.002000,91612.000000,0.011000,91611.700000,0.077000,91611.200000,0.491000,91611.000000,0.087000,91610.900000,0.001000,91619.000000,2.173000,91619.900000,0.006000,91620.000000,0.013000,91620.100000,0.002000,91622.700000,0.001000,91622.800000,2.201000,91622.900000,0.776000,91624.200000,0.077000,91624.500000,0.002000,91624.700000,1.095000
1764326088265,261590319789,91618.900000,6.436000,91618.800000,0.005000,91615.800000,0.038000,91615.500000,0.874000,91615.100000,0.059000,91613.700000,0.002000,91612.000000,0.011000,91611.700000,0.077000,91611.300000,0.373000,91611.200000,0.491000,91619.000000,2.168000,91619.900000,0.242000,91620.000000,0.013000,91620.100000,0.002000,91622.100000,0.796000,91622.700000,0.001000,91622.800000,2.201000,91622.900000,0.776000,91624.200000,0.077000,91624.500000,0.002000
1764326088518,261590324561,91618.900000,6.712000,91618.800000,0.005000,91615.800000,0.038000,91615.500000,0.874000,91615.100000,0.059000,91613.700000,0.002000,91612.000000,0.011000,91611.700000,0.077000,91611.300000,0.373000,91611.200000,0.491000,91619.000000,2.239000,91619.900000,0.242000,91620.000000,0.013000,91620.100000,0.002000,91621.400000,0.796000,91622.700000,0.001000,91622.800000,2.201000,91622.900000,0.776000,91624.200000,0.077000,91624.500000,0.002000
1764326088770,261590329364,91618.900000,6.865000,91618.800000,0.005000,91616.100000,0.874000,91615.800000,0.038000,91615.100000,0.059000,91613.700000,0.002000,91612.000000,0.011000,91611.700000,0.077000,91611.300000,0.373000,91611.200000,0.491000,91619.000000,2.132000,91619.900000,0.242000,91620.000000,0.013000,91620.100000,0.002000,91621.400000,0.796000,91622.700000,0.001000,91622.800000,2.201000,91622.900000,0.776000,91624.200000,0.077000,91624.500000,0.002000
1764326089021,261590333794,91618.900000,6.232000,91618.800000,0.005000,91615.800000,0.038000,91615.100000,0.059000,91613.700000,0.002000,91612.000000,0.011000,91611.700000,0.077000,91611.300000,0.373000,91611.200000,0.491000,91611.000000,0.087000,91619.000000,2.392000,91619.900000,0.006000,91620.000000,0.013000,91620.100000,0.002000,91622.700000,0.001000,91622.800000,0.586000,91622.900000,0.776000,91623.400000,6.548000,91624.200000,0.077000,91624.500000,0.002000
1764326089275,261590338340,91618.900000,6.455000,91618.800000,0.005000,91616.400000,0.756000,91615.800000,0.038000,91615.100000,0.059000,91613.700000,0.002000,91612.000000,0.011000,91611.700000,0.077000,91611.300000,0.373000,91611.200000,0.491000,91619.000000,2.641000,91619.900000,1.959000,91620.000000,0.013000,91620.100000,0.002000,91621.700000,0.850000,91622.700000,0.001000,91622.800000,7.134000,91622.900000,0.776000,91624.200000,0.077000,91624.500000,0.002000
1764326089531,261590343027,91618.900000,6.437000,91618.800000,0.005000,91615.800000,0.038000,91615.100000,0.059000,91613.700000,0.002000,91612.000000,0.011000,91611.700000,0.077000,91611.300000,0.373000,91611.200000,0.491000,91611.000000,0.087000,91619.000000,2.603000,91619.900000,1.959000,91620.000000,0.013000,91620.100000,0.002000,91622.700000,0.001000,91622.800000,7.134000,91622.900000,0.776000,91624.200000,0.077000,91624.500000,0.002000,91624.700000,1.095000
1764326089781,261590350315,91618.900000,0.147000,91618.800000,0.005000,91615.800000,0.005000,91615.100000,0.059000,91611.000000,0.087000,91610.000000,0.117000,91609.800000,0.002000,91609.700000,0.001000,91608.500000,0.033000,91606.000000,0.008000,91619.000000,18.174000,91619.100000,0.850000,91619.700000,5.176000,91619.800000,1.095000,91620.000000,16.384000,91620.100000,0.002000,91622.300000,0.699000,91622.700000,0.001000,91622.800000,1.038000,91622.900000,0.776000
1764326090031,261590357527,91611.000000,0.087000,91610.000000,0.117000,91609.800000,0.002000,91609.700000,0.001000,91606.000000,0.008000,91604.700000,0.005000,91603.900000,0.005000,91602.700000,0.021000,91601.200000,0.001000,91600.900000,0.004000,91611.100000,8.064000,91615.200000,11.841000,91615.900000,0.077000,91618.800000,4.848000,91619.000000,1.073000,91619.800000,1.095000,91620.000000,0.013000,91620.100000,0.002000,91621.700000,0.001000,91622.300000,0.699000
1764326090281,261590363526,91611.000000,0.159000,91610.000000,0.117000,91609.800000,0.002000,91609.700000,0.001000,91606.000000,0.008000,91605.100000,0.033000,91604.700000,0.005000,91603.900000,0.866000,91602.700000,0.021000,91602.000000,6.550000,91611.100000,20.525000,91612.200000,0.254000,91613.600000,0.491000,91614.100000,0.023000,91614.500000,0.546000,91615.200000,1.171000,91615.900000,0.077000,91618.300000,0.332000,91619.000000,0.253000,91619.800000,1.095000
1764326090533,261590368708,91610.000000,0.277000,91609.800000,0.002000,91609.700000,0.001000,91606.000000,0.008000,91605.100000,0.033000,91604.700000,0.005000,91603.900000,0.005000,91603.500000,1.913000,91602.700000,0.021000,91602.000000,6.550000,91610.100000,4.888000,91610.400000,2.355000,91610.500000,6.549000,91611.100000,1.292000,91613.600000,0.491000,91614.100000,0.183000,91614.500000,0.546000,91615.200000,1.138000,91615.900000,0.077000,91618.300000,0.332000
1764326090786,261590374845,91610.000000,0.277000,91609.800000,0.002000,91609.700000,0.001000,91606.000000,0.008000,91605.400000,0.756000,91605.100000,0.033000,91604.700000,0.005000,91603.900000,0.005000,91603.500000,1.940000,91602.700000,0.021000,91610.100000,9.628000,91610.300000,0.147000,91610.500000,6.549000,91611.100000,0.908000,91613.600000,0.491000,91614.100000,0.183000,91614.500000,0.546000,91615.200000,1.138000,91615.900000,0.077000,91616.400000,0.002000
1764326091040,261590380300,91610.000000,0.117000,91609.800000,0.002000,91609.700000,0.001000,91606.000000,0.008000,91605.100000,0.033000,91604.700000,0.005000,91603.900000,0.005000,91602.900000,1.146000,91602.800000,7.614000,91602.700000,0.021000,91610.100000,15.177000,91610.300000,0.147000,91610.800000,0.850000,91611.100000,0.908000,91613.600000,0.491000,91614.100000,0.183000,91614.500000,0.546000,91615.200000,1.138000,91615.900000,0.077000,91616.400000,0.002000
1764326091290,261590385506,91610.000000,0.117000,91609.800000,0.002000,91609.700000,0.001000,91606.100000,0.853000,91606.000000,0.008000,91605.100000,0.033000,91604.700000,0.005000,91603.900000,0.005000,91603.500000,1.613000,91603.400000,6.549000,91610.100000,14.868000,91610.300000,0.381000,91610.800000,0.850000,91611.100000,0.908000,91613.600000,0.491000,91614.100000,0.503000,91614.500000,0.546000,91615.200000,1.138000,91615.900000,0.077000,91616.400000,0.002000
1764326091540,261590389907,91610.000000,0.117000,91609.800000,0.002000,91609.700000,0.001000,91606.200000,0.853000,91606.000000,0.008000,91605.100000,0.033000,91604.700000,0.005000,91603.900000,0.005000,91603.500000,1.923000,91602.700000,0.021000,91610.100000,15.532000,91610.300000,0.623000,91610.800000,0.850000,91611.100000,0.908000,91613.600000,0.491000,91614.100000,0.503000,91614.500000,0.546000,91615.200000,1.138000,91615.900000,0.077000,91616.400000,0.002000
1764326091795,261590395295,91610.000000,0.117000,91609.800000,0.002000,91606.700000,0.853000,91606.000000,0.008000,91605.100000,0.033000,91604.700000,0.005000,91603.900000,0.005000,91603.500000,1.870000,91603.400000,6.549000,91602.700000,0.021000,91610.100000,16.469000,91610.300000,0.620000,91611.100000,0.908000,91611.800000,0.858000,91613.600000,0.491000,91614.100000,0.503000,91614.500000,0.546000,91615.200000,1.138000,91615.900000,0.077000,91616.400000,0.002000
1764326092050,261590400263,91610.000000,0.117000,91609.800000,0.002000,91606.000000,0.008000,91605.100000,0.033000,91604.700000,0.005000,91603.900000,0.005000,91603.500000,1.848000,91602.700000,0.021000,91601.200000,0.001000,91600.900000,0.004000,91610.100000,15.457000,91610.200000,0.858000,91610.300000,0.418000,91611.100000,0.908000,91613.600000,0.491000,91614.100000,0.503000,91614.500000,0.546000,91615.200000,1.138000,91615.900000,0.077000,91616.400000,0.002000
1764326092300,261590404869,91610.000000,0.117000,91609.800000,0.002000,91606.000000,0.008000,91605.100000,0.033000,91604.700000,0.005000,91604.100000,0.287000,91604.000000,0.853000,91603.900000,0.005000,91602.700000,0.021000,91601.200000,0.001000,91610.100000,17.877000,91610.300000,0.418000,91611.100000,0.908000,91613.600000,0.491000,91614.100000,0.503000,91614.500000,0.546000,91615.200000,1.138000,91615.900000,0.077000,91616.400000,0.002000,91618.300000,0.332000
1764326092550,261590409854,91610.000000,0.117000,91609.800000,0.002000,91606.000000,0.008000,91605.100000,0.033000,91604.700000,0.005000,91604.500000,0.255000,91604.100000,0.171000,91603.900000,0.005000,91603.700000,0.853000,91602.700000,0.021000,91610.100000,17.943000,91610.300000,0.418000,91611.100000,0.908000,91613.600000,0.491000,91614.100000,0.503000,91614.500000,0.546000,91615.200000,1.138000,91615.900000,0.077000,91616.400000,0.002000,91618.300000,0.332000
1764326092802,261590415624,91610.000000,0.117000,91606.000000,0.008000,91605.200000,0.011000,91605.100000,0.033000,91604.700000,0.005000,91603.900000,0.005000,91601.300000,0.260000,91601.200000,0.001000,91600.900000,0.857000,91600.800000,0.004000,91610.100000,17.244000,91610.300000,0.418000,91611.100000,0.908000,91613.600000,0.491000,91614.100000,0.503000,91614.500000,0.546000,91615.200000,1.138000,91615.900000,0.077000,91616.400000,0.002000,91618.300000,0.332000
1764326093054,261590420895,91610.000000,0.117000,91606.000000,0.008000,91604.700000,0.005000,91603.900000,0.005000,91601.400000,0.033000,91601.300000,0.004000,91600.900000,0.004000,91600.800000,0.004000,91600.000000,0.001000,91599.900000,0.005000,91610.100000,17.001000,91610.300000,0.271000,91611.100000,17.281000,91614.100000,0.363000,91615.200000,1.138000,91615.900000,0.077000,91616.400000,0.002000,91618.300000,0.612000,91619.000000,0.250000,91619.200000,0.004000
1764326093304,261590425828,91610.000000,0.036000,91606.000000,0.008000,91604.700000,0.005000,91603.900000,0.005000,91601.500000,0.014000,91601.400000,0.033000,91600.900000,0.004000,91600.800000,0.004000,91600.200000,0.853000,91600.000000,0.001000,91610.100000,16.776000,91610.300000,0.563000,91611.000000,1.095000,91611.100000,0.908000,91613.600000,0.491000,91614.100000,0.363000,91614.500000,0.546000,91615.200000,1.138000,91615.900000,0.077000,91616.000000,0.001000
1764326093554,261590430675,91610.000000,0.036000,91606.000000,0.008000,91604.700000,0.005000,91603.900000,0.005000,91601.400000,0.033000,91600.900000,0.004000,91600.800000,0.004000,91600.300000,0.830000,91600.000000,0.001000,91599.900000,0.005000,91610.100000,16.660000,91610.300000,0.563000,91611.000000,1.095000,91611.100000,0.908000,91613.600000,0.491000,91614.100000,0.363000,91614.500000,0.546000,91615.200000,1.138000,91615.900000,0.077000,91616.000000,0.001000
1764326093805,261590438135,91610.000000,0.036000,91606.000000,0.008000,91604.700000,0.005000,91603.900000,0.005000,91601.400000,0.033000,91600.900000,0.004000,91600.800000,0.004000,91600.000000,0.001000,91599.900000,0.005000,91599.800000,0.007000,91610.100000,17.223000,91610.300000,0.563000,91611.000000,1.095000,91611.100000,0.908000,91614.100000,0.363000,91615.200000,1.138000,91615.900000,0.077000,91616.000000,0.001000,91616.400000,0.002000,91618.300000,0.612000
1764326094060,261590444609,91606.000000,0.008000,91604.700000,0.005000,91603.900000,0.005000,91601.400000,0.863000,91600.900000,0.004000,91600.800000,0.004000,91600.000000,0.001000,91599.900000,0.005000,91599.800000,0.007000,91599.400000,0.096000,91606.100000,11.339000,91606.800000,0.225000,91606.900000,0.754000,91610.000000,2.559000,91610.100000,5.657000,91611.000000,1.095000,91611.100000,0.776000,91613.600000,0.491000,91614.100000,0.363000,91614.500000,0.546000
1764326094312,261590449583,91606.000000,0.008000,91604.700000,0.005000,91603.900000,0.005000,91601.400000,0.033000,91600.900000,0.004000,91600.800000,0.004000,91600.000000,0.001000,91599.900000,0.005000,91599.800000,0.007000,91599.700000,0.830000,91606.100000,14.153000,91606.800000,0.225000,91610.000000,2.559000,91610.100000,5.657000,91611.000000,1.095000,91611.100000,0.776000,91613.600000,0.491000,91614.100000,0.363000,91614.500000,0.546000,91615.200000,1.138000
1764326094563,261590454384,91606.000000,0.008000,91604.700000,0.005000,91603.900000,0.005000,91601.400000,0.033000,91600.900000,0.004000,91600.800000,0.004000,91600.000000,0.001000,91599.900000,0.005000,91599.800000,0.007000,91599.700000,0.830000,91606.100000,13.243000,91610.000000,2.559000,91610.100000,5.657000,91611.000000,1.095000,91611.100000,0.776000,91612.200000,0.002000,91613.600000,0.491000,91614.100000,0.363000,91614.500000,0.546000,91615.200000,1.138000
1764326094818,261590460465,91606.000000,0.008000,91604.700000,0.005000,91603.900000,0.005000,91600.900000,0.004000,91600.800000,0.004000,91600.000000,0.001000,91599.900000,0.005000,91599.800000,0.007000,91599.300000,0.907000,91598.900000,0.033000,91606.100000,12.682000,91610.000000,2.559000,91610.100000,5.656000,91611.000000,1.095000,91611.100000,0.776000,91612.200000,0.002000,91614.100000,0.363000,91615.200000,1.138000,91615.900000,0.077000,91616.000000,0.001000
1764326095072,261590465830,91606.000000,0.008000,91604.700000,0.005000,91603.900000,0.005000,91600.900000,0.004000,91600.800000,0.004000,91600.500000,0.830000,91600.000000,6.952000,91599.900000,0.005000,91599.800000,0.007000,91599.300000,0.077000,91606.100000,12.275000,91606.200000,0.225000,91606.600000,0.754000,91610.000000,2.559000,91610.100000,5.656000,91611.000000,1.095000,91611.100000,0.776000,91612.200000,0.002000,91613.600000,0.491000,91614.100000,0.363000
1764326095323,261590470839,91606.000000,0.008000,91604.700000,0.005000,91603.900000,0.005000,91600.900000,0.004000,91600.800000,0.004000,91600.000000,6.551000,91599.900000,0.005000,91599.800000,0.007000,91599.300000,0.077000,91598.900000,0.033000,91606.100000,11.355000,91606.200000,0.225000,91606.600000,0.754000,91610.000000,2.559000,91610.100000,5.656000,91611.000000,1.095000,91611.100000,0.776000,91612.200000,0.002000,91614.100000,0.363000,91615.200000,1.138000
1764326095574,261590476217,91606.000000,0.008000,91604.700000,0.005000,91603.900000,0.005000,91600.900000,0.004000,91600.800000,0.004000,91600.000000,6.902000,91599.900000,0.005000,91599.800000,0.007000,91599.400000,0.056000,91599.300000,0.077000,91606.100000,12.029000,91610.000000,2.559000,91610.100000,5.654000,91611.100000,0.776000,91612.200000,0.002000,91614.100000,0.363000,91615.200000,1.138000,91615.900000,0.077000,91616.000000,0.001000,91618.200000,5.458000
1764326095824,261590480802,91606.000000,0.168000,91604.700000,0.005000,91603.900000,0.842000,91600.900000,0.004000,91600.800000,0.004000,91600.100000,1.243000,91600.000000,6.551000,91599.900000,0.005000,91599.800000,0.007000,91599.400000,0.056000,91606.100000,11.834000,91610.000000,3.654000,91610.100000,5.654000,91610.300000,0.833000,91611.100000,0.776000,91612.200000,0.002000,91613.600000,0.491000,91614.100000,0.363000,91614.500000,0.546000,91615.200000,1.138000
1764326096074,261590485647,91606.000000,0.173000,91604.700000,0.005000,91603.900000,0.005000,91600.900000,0.004000,91600.800000,0.004000,91600.000000,7.203000,91599.900000,0.005000,91599.800000,0.007000,91599.400000,0.056000,91599.300000,0.077000,91606.100000,11.508000,91609.900000,0.833000,91610.000000,3.654000,91610.100000,5.654000,91611.100000,0.776000,91612.200000,0.002000,91613.600000,0.491000,91614.100000,0.363000,91614.500000,0.546000,91615.200000,1.138000
1764326096324,261590490037,91606.000000,0.173000,91604.700000,0.005000,91603.900000,0.005000,91600.900000,0.004000,91600.800000,0.004000,91600.100000,1.565000,91600.000000,6.551000,91599.900000,0.005000,91599.800000,0.007000,91599.400000,0.056000,91606.100000,11.075000,91609.900000,0.833000,91610.000000,3.654000,91610.100000,5.654000,91611.100000,0.776000,91612.200000,0.002000,91613.600000,0.491000,91614.100000,0.363000,91614.500000,0.546000,91615.200000,1.138000
1764326096576,261590494794,91606.000000,0.173000,91604.700000,0.005000,91603.900000,0.005000,91603.500000,0.837000,91600.900000,0.004000,91600.800000,0.004000,91600.100000,1.752000,91600.000000,6.551000,91599.900000,0.005000,91599.800000,0.007000,91606.100000,11.257000,91609.400000,0.833000,91610.000000,3.654000,91610.100000,5.654000,91611.100000,0.776000,91612.200000,0.002000,91613.600000,0.491000,91614.100000,0.363000,91614.500000,0.546000,91615.200000,1.138000
1764326096826,261590499290,91606.000000,0.173000,91604.700000,0.005000,91604.300000,0.837000,91603.900000,0.005000,91600.900000,0.004000,91600.800000,0.004000,91600.100000,1.802000,91600.000000,6.551000,91599.900000,0.005000,91599.800000,0.007000,91606.100000,11.803000,91609.600000,0.833000,91610.000000,3.654000,91610.100000,5.654000,91611.100000,0.776000,91612.200000,0.002000,91613.600000,0.491000,91614.100000,0.363000,91614.500000,0.546000,91615.200000,1.139000
1764326097081,261590504692,91604.700000,0.078000,91603.900000,0.005000,91600.900000,0.004000,91600.800000,0.004000,91600.100000,1.699000,91600.000000,6.551000,91599.900000,0.005000,91599.800000,0.007000,91599.400000,0.056000,91599.300000,0.077000,91604.800000,9.860000,91606.000000,0.294000,91606.100000,0.986000,91610.000000,3.654000,91610.100000,5.557000,91611.100000,0.776000,91612.200000,0.002000,91613.600000,0.491000,91614.000000,0.007000,91614.100000,0.363000
1764326097334,261590509356,91604.700000,0.005000,91603.900000,0.005000,91601.100000,0.892000,91600.900000,0.004000,91600.800000,0.004000,91600.100000,1.761000,91600.000000,6.551000,91599.900000,0.005000,91599.800000,0.007000,91599.400000,0.056000,91604.800000,9.297000,91606.000000,0.294000,91606.100000,0.986000,91607.800000,0.754000,91610.000000,3.654000,91610.100000,5.529000,91610.800000,0.002000,91611.100000,0.776000,91613.600000,0.491000,91614.000000,0.007000
1764326097584,261590514480,91604.400000,0.942000,91603.900000,0.005000,91600.900000,0.004000,91600.800000,0.004000,91600.100000,1.900000,91600.000000,6.551000,91599.900000,0.005000,91599.800000,0.007000,91599.400000,0.056000,91599.300000,0.077000,91604.500000,9.278000,91604.700000,3.478000,91604.800000,0.101000,91606.100000,0.974000,91609.700000,0.754000,91610.000000,3.654000,91610.100000,5.529000,91610.800000,0.002000,91611.100000,0.776000,91613.600000,0.491000
1764326097837,261590522057,91603.900000,0.005000,91600.900000,0.004000,91600.800000,0.004000,91600.000000,0.573000,91599.900000,0.005000,91599.800000,0.005000,91596.000000,0.001000,91592.600000,0.008000,91590.000000,0.001000,91589.500000,0.005000,91604.000000,16.111000,91604.200000,0.001000,91604.300000,1.095000,91604.400000,1.351000,91604.500000,0.358000,91604.800000,0.052000,91605.000000,16.374000,91606.100000,0.941000,91606.800000,0.820000,91608.400000,0.081000
1764326098087,261590533620,91588.500000,0.112000,91587.900000,0.013000,91586.400000,0.005000,91585.800000,0.005000,91583.400000,0.004000,91583.000000,0.007000,91582.900000,0.004000,91580.000000,0.001000,91579.200000,0.008000,91579.100000,0.002000,91588.600000,8.678000,91589.300000,0.008000,91589.600000,0.077000,91590.100000,0.002000,91592.600000,6.157000,91592.700000,15.204000,91592.900000,0.820000,91595.600000,1.215000,91595.700000,0.820000,91596.100000,0.077000
1764326098337,261590540652,91587.900000,0.008000,91586.400000,0.005000,91585.800000,0.005000,91583.400000,0.004000,91583.000000,0.007000,91582.900000,0.004000,91580.000000,0.001000,91579.200000,0.008000,91579.100000,0.002000,91577.000000,0.001000,91588.000000,17.551000,91588.100000,0.754000,91588.500000,0.513000,91588.600000,0.846000,91588.700000,1.095000,91588.800000,0.546000,91589.600000,0.077000,91590.100000,0.002000,91592.700000,1.138000,91592.800000,0.245000
1764326098587,261590546372,91583.400000,0.004000,91583.000000,0.007000,91582.900000,0.004000,91580.000000,0.001000,91579.200000,0.008000,91579.100000,0.002000,91577.000000,0.002000,91576.800000,0.012000,91576.200000,6.551000,91576.000000,0.001000,91583.500000,10.786000,91583.600000,6.551000,91584.000000,0.043000,91585.400000,0.065000,91585.900000,0.217000,91586.400000,0.655000,91588.000000,0.907000,91588.700000,1.095000,91589.600000,0.077000,91590.100000,0.002000
1764326098847,261590553753,91583.400000,0.004000,91583.000000,0.007000,91582.900000,0.004000,91580.000000,0.001000,91579.200000,0.008000,91579.100000,0.002000,91577.000000,0.002000,91576.800000,0.012000,91576.200000,7.101000,91576.000000,0.001000,91583.500000,18.687000,91584.000000,0.043000,91585.400000,0.065000,91585.900000,0.217000,91586.400000,0.655000,91588.000000,0.907000,91588.700000,1.095000,91589.600000,0.077000,91589.900000,0.002000,91590.100000,0.002000
1764326099098,261590562817,91580.000000,0.001000,91579.200000,0.008000,91577.000000,0.002000,91576.800000,0.012000,91576.000000,0.001000,91573.000000,0.005000,91571.800000,0.010000,91570.800000,0.002000,91570.000000,0.005000,91569.800000,0.002000,91580.100000,20.262000,91583.000000,1.741000,91583.500000,1.267000,91584.000000,0.043000,91585.900000,0.217000,91586.200000,0.879000,91588.000000,0.810000,91588.700000,1.095000,91588.800000,0.491000,91589.600000,0.077000
1764326099348,261590569126,91577.000000,0.001000,91576.800000,0.012000,91576.000000,0.001000,91573.000000,0.005000,91571.800000,0.010000,91570.800000,0.002000,91570.300000,0.033000,91570.000000,0.005000,91569.800000,0.002000,91567.900000,0.001000,91577.100000,20.339000,91579.300000,6.656000,91580.100000,1.284000,91583.500000,0.002000,91584.000000,0.043000,91585.800000,0.065000,91585.900000,0.217000,91586.200000,0.879000,91586.500000,0.002000,91587.600000,0.109000
1764326099602,261590575721,91573.000000,0.005000,91571.800000,0.010000,91570.800000,0.002000,91570.300000,0.033000,91570.000000,0.005000,91569.800000,0.002000,91567.800000,0.013000,91567.500000,0.096000,91567.400000,0.005000,91567.000000,0.001000,91573.100000,4.633000,91573.400000,2.454000,91573.500000,8.222000,91577.000000,1.313000,91577.100000,5.822000,91580.000000,0.007000,91580.100000,1.048000,91583.500000,0.002000,91584.000000,0.043000,91584.500000,0.211000
1764326099852,261590580892,91573.000000,0.005000,91571.800000,0.010000,91570.800000,0.002000,91570.300000,0.033000,91570.000000,0.005000,91569.800000,0.002000,91567.800000,0.013000,91567.600000,0.061000,91567.500000,0.096000,91567.400000,0.005000,91573.100000,4.307000,91573.400000,2.454000,91573.500000,8.222000,91577.000000,1.313000,91577.100000,5.822000,91580.000000,0.007000,91580.100000,1.048000,91583.500000,0.002000,91584.000000,0.043000,91584.500000,0.347000
1764326100106,261590587220,91573.000000,0.005000,91571.800000,0.010000,91570.800000,0.002000,91570.300000,0.033000,91570.000000,0.005000,91569.800000,0.002000,91567.800000,0.013000,91567.600000,0.061000,91567.500000,0.096000,91567.400000,0.005000,91573.100000,4.576000,91573.400000,2.454000,91573.500000,8.222000,91577.000000,1.313000,91577.100000,5.822000,91579.400000,0.002000,91580.000000,0.007000,91580.100000,1.048000,91582.300000,0.715000,91582.400000,1.095000
1764326100358,261590599405,91570.000000,0.001000,91567.800000,0.013000,91567.500000,0.096000,91567.400000,0.005000,91567.000000,0.001000,91566.000000,0.004000,91565.800000,0.008000,91565.100000,0.009000,91564.900000,0.004000,91560.800000,0.005000,91570.100000,22.513000,91570.400000,0.776000,91570.600000,0.002000,91570.800000,1.095000,91571.000000,5.113000,91571.100000,16.380000,91571.900000,0.432000,91573.000000,0.820000,91573.100000,0.174000,91573.500000,0.109000
1764326100608,261590610423,91549.200000,2.330000,91549.100000,0.041000,91548.600000,0.004000,91547.700000,0.013000,91547.400000,0.012000,91546.900000,0.004000,91546.200000,0.005000,91546.000000,0.021000,91544.700000,0.010000,91544.400000,0.002000,91549.300000,2.462000,91550.100000,0.229000,91551.300000,0.033000,91552.600000,0.776000,91552.800000,0.005000,91557.000000,2.132000,91557.100000,6.554000,91557.300000,0.021000,91557.400000,0.512000,91558.900000,0.347000
1764326100858,261590618129,91549.200000,3.944000,91549.100000,0.041000,91548.600000,0.004000,91547.700000,0.013000,91547.400000,0.264000,91546.900000,0.004000,91546.200000,0.005000,91546.100000,0.848000,91546.000000,0.021000,91544.700000,0.010000,91549.300000,2.661000,91550.100000,0.229000,91551.300000,0.033000,91552.600000,0.776000,91552.800000,0.005000,91554.000000,0.001000,91557.000000,2.132000,91557.100000,6.554000,91557.300000,0.021000,91557.400000,0.002000
1764326101108,261590626008,91549.200000,11.104000,91549.100000,0.041000,91548.600000,0.004000,91547.700000,0.013000,91547.400000,0.012000,91546.900000,0.004000,91546.200000,0.005000,91546.000000,0.021000,91544.700000,0.010000,91544.600000,0.247000,91549.300000,0.529000,91550.100000,0.011000,91551.300000,0.033000,91552.800000,0.005000,91554.000000,0.001000,91557.000000,0.546000,91557.100000,0.001000,91557.300000,0.021000,91557.400000,0.002000,91557.900000,0.776000
1764326101360,261590633205,91549.200000,11.065000,91549.100000,0.041000,91548.600000,0.004000,91547.700000,0.013000,91547.400000,0.276000,91546.900000,0.004000,91546.200000,0.005000,91546.000000,0.021000,91544.700000,0.010000,91544.600000,0.247000,91549.300000,0.455000,91550.100000,0.011000,91551.300000,0.033000,91552.800000,0.005000,91554.000000,0.001000,91557.000000,0.494000,91557.100000,0.001000,91557.300000,0.021000,91557.400000,0.002000,91557.900000,0.883000
1764326101615,261590640440,91549.200000,4.356000,91549.100000,0.041000,91548.600000,0.004000,91547.700000,0.013000,91547.400000,0.012000,91546.900000,0.004000,91546.200000,0.005000,91546.000000,6.575000,91544.700000,0.010000,91544.600000,0.247000,91549.300000,0.457000,91550.100000,0.011000,91551.300000,0.033000,91552.800000,0.005000,91554.000000,0.001000,91557.000000,0.233000,91557.100000,0.001000,91557.300000,0.021000,91557.400000,0.002000,91557.900000,0.859000
1764326101868,261590650351,91549.200000,2.410000,91548.600000,0.004000,91547.800000,0.016000,91547.700000,0.013000,91546.900000,0.004000,91546.200000,0.005000,91546.000000,0.021000,91544.700000,0.010000,91544.600000,2.113000,91544.400000,0.002000,91549.300000,2.619000,91549.400000,0.243000,91549.500000,0.776000,91551.300000,0.033000,91552.800000,0.005000,91554.000000,0.001000,91557.000000,2.165000,91557.100000,6.554000,91557.300000,0.021000,91557.400000,0.002000
1764326102119,261590658811,91549.200000,2.503000,91548.600000,0.004000,91547.800000,0.016000,91547.700000,0.013000,91546.900000,0.004000,91546.200000,0.005000,91546.000000,0.021000,91544.700000,0.010000,91544.600000,0.196000,91544.400000,0.002000,91549.300000,2.778000,91549.400000,0.243000,91549.500000,0.776000,91551.300000,0.033000,91552.800000,0.005000,91554.000000,0.001000,91556.100000,2.387000,91556.200000,7.198000,91557.100000,0.001000,91557.300000,0.021000
1764326102369,261590665934,91549.200000,1.947000,91548.600000,0.004000,91547.700000,0.013000,91546.900000,0.004000,91546.200000,0.005000,91545.200000,0.033000,91544.700000,0.010000,91544.600000,0.196000,91544.400000,0.002000,91543.400000,0.002000,91549.300000,2.855000,91549.400000,2.191000,91549.500000,0.776000,91550.300000,0.869000,91552.100000,6.553000,91552.600000,0.001000,91552.800000,0.005000,91553.800000,0.077000,91554.000000,0.001000,91556.100000,0.239000
1764326102619,261590673175,91549.200000,1.923000,91548.600000,0.004000,91547.700000,0.013000,91546.900000,0.004000,91546.200000,0.005000,91545.200000,0.033000,91544.700000,0.010000,91544.600000,0.196000,91544.400000,0.002000,91543.400000,0.002000,91549.300000,2.941000,91549.400000,2.191000,91549.500000,0.776000,91550.100000,0.869000,91552.100000,6.553000,91552.600000,0.001000,91552.800000,0.005000,91553.800000,0.077000,91554.000000,0.001000,91556.100000,0.239000
1764326102871,261590683666,91548.600000,0.004000,91547.700000,0.013000,91546.900000,0.004000,91546.200000,0.005000,91544.700000,0.010000,91544.400000,0.002000,91543.300000,0.045000,91543.200000,0.001000,91540.600000,0.002000,91540.000000,0.003000,91548.700000,13.986000,91549.200000,8.044000,91549.300000,0.823000,91549.500000,0.776000,91549.700000,16.384000,91551.500000,1.095000,91553.800000,0.077000,91554.000000,0.001000,91556.100000,0.535000,91557.300000,0.021000
1764326103122,261590695257,91546.900000,0.003000,91546.200000,0.005000,91544.700000,0.010000,91544.400000,0.002000,91543.300000,0.045000,91543.200000,0.001000,91540.600000,0.002000,91540.000000,0.003000,91539.000000,0.011000,91538.400000,0.186000,91547.000000,0.760000,91547.800000,6.927000,91547.900000,0.002000,91548.600000,7.160000,91548.700000,15.146000,91549.300000,0.821000,91549.500000,0.776000,91551.500000,1.095000,91552.400000,0.043000,91553.800000,0.077000
1764326103374,261590706284,91544.700000,0.010000,91544.400000,0.002000,91543.300000,0.045000,91543.200000,0.001000,91540.000000,0.003000,91539.000000,0.011000,91538.400000,0.186000,91538.300000,0.005000,91536.800000,0.001000,91536.600000,0.012000,91544.800000,14.059000,91546.200000,1.518000,91546.300000,0.303000,91546.900000,0.004000,91547.000000,0.016000,91547.700000,1.095000,91547.800000,0.180000,91547.900000,0.002000,91548.700000,5.122000,91549.200000,0.826000
1764326103626,261590713841,91540.000000,0.003000,91539.000000,0.011000,91538.400000,0.186000,91538.300000,0.005000,91536.800000,0.001000,91536.600000,0.012000,91534.000000,0.001000,91533.200000,0.033000,91532.800000,0.005000,91532.100000,0.002000,91540.100000,12.378000,91543.300000,0.209000,91544.500000,0.529000,91544.700000,1.470000,91544.800000,0.061000,91546.000000,0.021000,91546.300000,0.270000,91546.900000,0.004000,91547.700000,1.095000,91547.900000,0.002000
