unix_timestamp_ms,lastUpdateId,bid_price_0,bid_qty_0,bid_price_1,bid_qty_1,bid_price_2,bid_qty_2,bid_price_3,bid_qty_3,bid_price_4,bid_qty_4,bid_price_5,bid_qty_5,bid_price_6,bid_qty_6,bid_price_7,bid_qty_7,bid_price_8,bid_qty_8,bid_price_9,bid_qty_9,ask_price_0,ask_qty_0,ask_price_1,ask_qty_1,ask_price_2,ask_qty_2,ask_price_3,ask_qty_3,ask_price_4,ask_qty_4,ask_price_5,ask_qty_5,ask_price_6,ask_qty_6,ask_price_7,ask_qty_7,ask_price_8,ask_qty_8,ask_price_9,ask_qty_9
1764326047919,261589261565,896.000000,217.940000,895.900000,172.010000,895.800000,160.510000,895.700000,182.560000,895.600000,257.610000,895.500000,249.000000,895.400000,144.670000,895.300000,56.080000,895.200000,182.170000,895.100000,46.980000,896.100000,43.350000,896.200000,64.940000,896.300000,113.770000,896.400000,99.390000,896.500000,102.010000,896.600000,105.260000,896.700000,157.280000,896.800000,90.980000,896.900000,187.300000,897.000000,109.760000
1764326050524,261589334430,896.000000,219.150000,895.900000,172.010000,895.800000,160.510000,895.700000,182.560000,895.600000,257.610000,895.500000,249.000000,895.400000,145.780000,895.300000,56.080000,895.200000,158.660000,895.100000,46.980000,896.100000,43.180000,896.200000,64.940000,896.300000,113.770000,896.400000,99.390000,896.500000,102.010000,896.600000,105.260000,896.700000,157.280000,896.800000,90.960000,896.900000,187.320000,897.000000,109.760000
1764326050784,261589342117,896.000000,219.520000,895.900000,172.010000,895.800000,160.510000,895.700000,182.560000,895.600000,257.610000,895.500000,249.000000,895.400000,145.780000,895.300000,56.080000,895.200000,158.660000,895.100000,46.980000,896.100000,43.240000,896.200000,64.940000,896.300000,113.770000,896.400000,99.390000,896.500000,102.010000,896.600000,105.260000,896.700000,157.280000,896.800000,90.950000,896.900000,187.330000,897.000000,109.760000
1764326051048,261589349685,896.000000,218.680000,895.900000,171.390000,895.800000,160.510000,895.700000,182.560000,895.600000,257.610000,895.500000,249.000000,895.400000,145.780000,895.300000,56.080000,895.200000,158.660000,895.100000,46.980000,896.100000,41.860000,896.200000,64.940000,896.300000,113.770000,896.400000,99.390000,896.500000,102.010000,896.600000,105.260000,896.700000,157.280000,896.800000,90.950000,896.900000,187.330000,897.000000,109.760000
1764326051301,261589356981,896.000000,219.650000,895.900000,171.390000,895.800000,160.510000,895.700000,182.560000,895.600000,257.610000,895.500000,249.000000,895.400000,145.780000,895.300000,56.080000,895.200000,158.660000,895.100000,46.980000,896.100000,41.860000,896.200000,64.940000,896.300000,113.770000,896.400000,99.390000,896.500000,102.010000,896.600000,105.260000,896.700000,157.280000,896.800000,90.950000,896.900000,187.330000,897.000000,109.760000
1764326051556,261589364497,896.000000,223.260000,895.900000,171.390000,895.800000,160.510000,895.700000,182.560000,895.600000,257.610000,895.500000,249.000000,895.400000,156.790000,895.300000,92.080000,895.200000,158.660000,895.100000,5.290000,896.100000,42.270000,896.200000,38.460000,896.300000,35.610000,896.400000,93.810000,896.500000,104.240000,896.600000,92.280000,896.700000,137.620000,896.800000,73.740000,896.900000,187.330000,897.000000,127.760000
1764326051810,261589372274,896.000000,223.450000,895.900000,171.390000,895.800000,160.510000,895.700000,182.560000,895.600000,257.610000,895.500000,249.000000,895.400000,156.790000,895.300000,92.080000,895.200000,158.660000,895.100000,5.290000,896.100000,42.700000,896.200000,38.460000,896.300000,35.610000,896.400000,93.810000,896.500000,104.240000,896.600000,95.430000,896.700000,134.470000,896.800000,73.740000,896.900000,187.330000,897.000000,127.760000
1764326052072,261589379658,896.000000,223.320000,895.900000,171.390000,895.800000,160.510000,895.700000,182.560000,895.600000,257.610000,895.500000,249.000000,895.400000,156.790000,895.300000,92.080000,895.200000,158.660000,895.100000,5.290000,896.100000,43.020000,896.200000,38.460000,896.300000,35.610000,896.400000,93.810000,896.500000,104.240000,896.600000,95.430000,896.700000,134.470000,896.800000,73.740000,896.900000,188.440000,897.000000,127.760000
1764326052322,261589386851,896.000000,222.880000,895.900000,171.390000,895.800000,160.510000,895.700000,182.560000,895.600000,257.610000,895.500000,249.000000,895.400000,156.790000,895.300000,92.080000,895.200000,158.660000,895.100000,5.290000,896.100000,44.820000,896.200000,38.460000,896.300000,35.610000,896.400000,93.810000,896.500000,104.240000,896.600000,93.760000,896.700000,134.470000,896.800000,73.740000,896.900000,188.440000,897.000000,127.760000
1764326052577,261589394782,896.000000,223.480000,895.900000,171.390000,895.800000,160.510000,895.700000,182.560000,895.600000,257.610000,895.500000,249.000000,895.400000,156.790000,895.300000,92.080000,895.200000,158.660000,895.100000,20.030000,896.100000,43.800000,896.200000,38.460000,896.300000,35.610000,896.400000,93.810000,896.500000,104.240000,896.600000,93.760000,896.700000,134.470000,896.800000,73.740000,896.900000,188.440000,897.000000,127.760000
1764326052839,261589402050,896.000000,223.380000,895.900000,171.390000,895.800000,160.510000,895.700000,182.560000,895.600000,257.610000,895.500000,249.000000,895.400000,156.790000,895.300000,92.080000,895.200000,158.660000,895.100000,20.030000,896.100000,11.560000,896.200000,38.460000,896.300000,35.610000,896.400000,93.810000,896.500000,104.240000,896.600000,93.760000,896.700000,134.470000,896.800000,73.740000,896.900000,188.440000,897.000000,127.760000
1764326053093,261589410529,896.000000,223.210000,895.900000,171.390000,895.800000,160.510000,895.700000,182.560000,895.600000,257.610000,895.500000,249.000000,895.400000,156.790000,895.300000,92.080000,895.200000,158.660000,895.100000,20.030000,896.100000,11.040000,896.200000,71.460000,896.300000,35.610000,896.400000,93.810000,896.500000,104.240000,896.600000,93.760000,896.700000,134.470000,896.800000,73.740000,896.900000,188.440000,897.000000,127.760000
1764326053351,261589416341,896.000000,222.910000,895.900000,171.390000,895.800000,160.510000,895.700000,182.560000,895.600000,257.610000,895.500000,249.000000,895.400000,156.790000,895.300000,92.080000,895.200000,158.660000,895.100000,20.030000,896.100000,10.840000,896.200000,70.070000,896.300000,37.000000,896.400000,93.810000,896.500000,104.240000,896.600000,93.760000,896.700000,134.470000,896.800000,73.740000,896.900000,188.440000,897.000000,127.760000
1764326053616,261589435597,896.000000,267.450000,895.900000,191.670000,895.800000,238.720000,895.700000,181.830000,895.600000,238.160000,895.500000,149.990000,895.400000,151.830000,895.300000,75.480000,895.200000,158.240000,895.100000,20.030000,896.100000,9.610000,896.200000,21.300000,896.300000,44.650000,896.400000,9.020000,896.500000,116.730000,896.600000,138.600000,896.700000,94.950000,896.800000,73.740000,896.900000,188.040000,897.000000,144.500000
1764326053868,261589446176,896.000000,267.350000,895.900000,191.670000,895.800000,238.720000,895.700000,181.830000,895.600000,238.160000,895.500000,149.990000,895.400000,151.830000,895.300000,75.480000,895.200000,158.240000,895.100000,20.030000,896.100000,3.750000,896.200000,21.300000,896.300000,44.650000,896.400000,34.630000,896.500000,116.730000,896.600000,144.770000,896.700000,94.950000,896.800000,73.740000,896.900000,188.040000,897.000000,144.500000
1764326054145,261589454313,896.000000,266.380000,895.900000,193.320000,895.800000,238.720000,895.700000,181.830000,895.600000,238.160000,895.500000,149.990000,895.400000,151.830000,895.300000,75.480000,895.200000,158.240000,895.100000,20.030000,896.100000,3.820000,896.200000,21.300000,896.300000,44.650000,896.400000,34.630000,896.500000,116.730000,896.600000,144.770000,896.700000,95.780000,896.800000,73.740000,896.900000,188.040000,897.000000,159.370000
1764326054439,261589462905,896.000000,267.040000,895.900000,193.320000,895.800000,238.720000,895.700000,181.830000,895.600000,238.160000,895.500000,149.990000,895.400000,151.830000,895.300000,75.480000,895.200000,158.240000,895.100000,20.030000,896.100000,3.840000,896.200000,21.310000,896.300000,44.650000,896.400000,34.630000,896.500000,116.730000,896.600000,144.770000,896.700000,95.780000,896.800000,73.740000,896.900000,188.040000,897.000000,159.370000
1764326054690,261589469385,896.000000,267.400000,895.900000,197.280000,895.800000,238.720000,895.700000,181.830000,895.600000,238.980000,895.500000,149.990000,895.400000,151.830000,895.300000,75.480000,895.200000,158.240000,895.100000,20.030000,896.100000,3.750000,896.200000,21.310000,896.300000,54.990000,896.400000,34.630000,896.500000,116.730000,896.600000,144.770000,896.700000,95.780000,896.800000,73.740000,896.900000,188.040000,897.000000,159.370000
1764326054954,261589477378,896.000000,267.870000,895.900000,175.680000,895.800000,160.510000,895.700000,181.830000,895.600000,238.980000,895.500000,149.990000,895.400000,151.830000,895.300000,75.480000,895.200000,158.240000,895.100000,20.030000,896.100000,3.920000,896.200000,55.180000,896.300000,13.470000,896.400000,34.630000,896.500000,116.730000,896.600000,144.770000,896.700000,95.780000,896.800000,73.740000,896.900000,188.040000,897.000000,159.370000
1764326055206,261589484985,896.000000,267.360000,895.900000,175.680000,895.800000,160.510000,895.700000,181.830000,895.600000,238.140000,895.500000,149.990000,895.400000,165.920000,895.300000,125.250000,895.200000,108.470000,895.100000,20.030000,896.100000,3.740000,896.200000,55.180000,896.300000,13.470000,896.400000,34.630000,896.500000,116.730000,896.600000,144.770000,896.700000,95.780000,896.800000,73.740000,896.900000,188.020000,897.000000,159.390000
1764326055460,261589492917,896.000000,193.330000,895.900000,165.330000,895.800000,201.350000,895.700000,143.040000,895.600000,238.140000,895.500000,268.540000,895.400000,204.720000,895.300000,125.250000,895.200000,108.470000,895.100000,20.030000,896.100000,41.280000,896.200000,46.750000,896.300000,64.640000,896.400000,77.020000,896.500000,141.530000,896.600000,99.010000,896.700000,134.580000,896.800000,73.740000,896.900000,148.510000,897.000000,160.500000
1764326055723,261589500937,896.000000,193.730000,895.900000,165.330000,895.800000,201.350000,895.700000,143.040000,895.600000,238.140000,895.500000,268.540000,895.400000,204.720000,895.300000,125.250000,895.200000,108.470000,895.100000,20.030000,896.100000,40.990000,896.200000,46.750000,896.300000,64.640000,896.400000,83.190000,896.500000,141.530000,896.600000,92.840000,896.700000,134.580000,896.800000,73.740000,896.900000,148.510000,897.000000,160.500000
1764326055983,261589508585,896.000000,193.930000,895.900000,165.330000,895.800000,201.350000,895.700000,143.040000,895.600000,238.140000,895.500000,268.540000,895.400000,204.720000,895.300000,123.850000,895.200000,108.470000,895.100000,20.030000,896.100000,40.860000,896.200000,46.750000,896.300000,64.640000,896.400000,83.190000,896.500000,141.530000,896.600000,92.840000,896.700000,134.580000,896.800000,73.740000,896.900000,148.510000,897.000000,160.500000
1764326056239,261589517753,896.000000,192.500000,895.900000,165.330000,895.800000,201.350000,895.700000,143.040000,895.600000,238.140000,895.500000,268.540000,895.400000,204.720000,895.300000,123.850000,895.200000,108.470000,895.100000,20.030000,896.100000,41.230000,896.200000,46.230000,896.300000,64.120000,896.400000,82.650000,896.500000,141.530000,896.600000,92.840000,896.700000,134.580000,896.800000,73.740000,896.900000,148.510000,897.000000,160.500000
1764326056540,261589525077,896.000000,191.930000,895.900000,165.330000,895.800000,201.350000,895.700000,143.040000,895.600000,238.140000,895.500000,268.540000,895.400000,204.720000,895.300000,123.850000,895.200000,108.470000,895.100000,20.030000,896.100000,41.070000,896.200000,46.230000,896.300000,64.120000,896.400000,82.650000,896.500000,141.530000,896.600000,92.840000,896.700000,134.580000,896.800000,73.740000,896.900000,148.510000,897.000000,160.500000
1764326056798,261589533108,896.000000,192.780000,895.900000,165.330000,895.800000,201.350000,895.700000,143.040000,895.600000,238.140000,895.500000,268.540000,895.400000,204.720000,895.300000,123.850000,895.200000,108.470000,895.100000,20.030000,896.100000,41.000000,896.200000,46.230000,896.300000,64.120000,896.400000,82.650000,896.500000,141.530000,896.600000,92.840000,896.700000,134.580000,896.800000,73.740000,896.900000,148.510000,897.000000,160.500000
1764326057060,261589541547,896.000000,191.770000,895.900000,165.330000,895.800000,201.350000,895.700000,143.040000,895.600000,238.140000,895.500000,268.540000,895.400000,204.720000,895.300000,123.850000,895.200000,108.470000,895.100000,20.030000,896.100000,41.250000,896.200000,46.230000,896.300000,64.120000,896.400000,82.650000,896.500000,141.530000,896.600000,92.840000,896.700000,134.580000,896.800000,73.740000,896.900000,148.510000,897.000000,160.500000
1764326057313,261589549100,896.000000,192.100000,895.900000,165.330000,895.800000,201.350000,895.700000,143.040000,895.600000,238.140000,895.500000,268.540000,895.400000,204.720000,895.300000,123.850000,895.200000,108.470000,895.100000,20.030000,896.100000,41.170000,896.200000,46.230000,896.300000,64.120000,896.400000,82.650000,896.500000,141.530000,896.600000,92.840000,896.700000,134.580000,896.800000,73.740000,896.900000,148.510000,897.000000,160.500000
1764326057571,261589556208,896.000000,191.990000,895.900000,165.330000,895.800000,201.350000,895.700000,143.040000,895.600000,238.140000,895.500000,268.540000,895.400000,204.720000,895.300000,123.850000,895.200000,108.470000,895.100000,20.030000,896.100000,39.820000,896.200000,46.230000,896.300000,64.120000,896.400000,82.650000,896.500000,141.530000,896.600000,92.840000,896.700000,134.580000,896.800000,73.740000,896.900000,148.510000,897.000000,160.500000
1764326057821,261589561448,896.000000,192.210000,895.900000,165.330000,895.800000,201.350000,895.700000,143.040000,895.600000,238.140000,895.500000,268.540000,895.400000,204.720000,895.300000,123.850000,895.200000,108.470000,895.100000,20.030000,896.100000,41.470000,896.200000,46.230000,896.300000,64.120000,896.400000,82.650000,896.500000,141.530000,896.600000,92.840000,896.700000,134.580000,896.800000,73.740000,896.900000,148.510000,897.000000,160.500000
1764326058081,261589572537,896.000000,192.750000,895.900000,130.010000,895.800000,194.880000,895.700000,183.880000,895.600000,236.750000,895.500000,268.540000,895.400000,204.720000,895.300000,123.850000,895.200000,108.470000,895.100000,20.030000,896.100000,43.610000,896.200000,96.350000,896.300000,101.440000,896.400000,99.390000,896.500000,137.740000,896.600000,92.840000,896.700000,139.300000,896.800000,91.740000,896.900000,167.620000,897.000000,125.390000
1764326058335,261589579391,896.000000,192.810000,895.900000,130.010000,895.800000,194.880000,895.700000,183.880000,895.600000,236.750000,895.500000,268.540000,895.400000,204.720000,895.300000,123.850000,895.200000,108.470000,895.100000,20.030000,896.100000,44.930000,896.200000,96.350000,896.300000,101.440000,896.400000,99.390000,896.500000,137.740000,896.600000,92.840000,896.700000,139.300000,896.800000,91.740000,896.900000,167.620000,897.000000,125.390000
1764326058593,261589587697,896.000000,166.970000,895.900000,124.400000,895.800000,235.720000,895.700000,143.040000,895.600000,236.750000,895.500000,250.540000,895.400000,203.610000,895.300000,123.850000,895.200000,126.470000,895.100000,20.030000,896.100000,57.650000,896.200000,60.590000,896.300000,144.510000,896.400000,99.390000,896.500000,137.740000,896.600000,90.610000,896.700000,139.300000,896.800000,91.740000,896.900000,167.620000,897.000000,125.390000
1764326058848,261589594360,896.000000,168.510000,895.900000,124.400000,895.800000,235.720000,895.700000,143.040000,895.600000,236.750000,895.500000,250.540000,895.400000,203.610000,895.300000,123.850000,895.200000,126.470000,895.100000,20.030000,896.100000,59.210000,896.200000,60.590000,896.300000,148.050000,896.400000,101.620000,896.500000,137.740000,896.600000,90.610000,896.700000,139.300000,896.800000,91.740000,896.900000,168.920000,897.000000,125.390000
1764326059113,261589602264,896.000000,167.660000,895.900000,124.400000,895.800000,235.720000,895.700000,143.810000,895.600000,236.750000,895.500000,250.540000,895.400000,203.610000,895.300000,127.090000,895.200000,126.470000,895.100000,20.030000,896.100000,58.930000,896.200000,60.590000,896.300000,148.050000,896.400000,101.620000,896.500000,137.740000,896.600000,90.610000,896.700000,139.300000,896.800000,91.740000,896.900000,168.920000,897.000000,125.390000
1764326059392,261589610518,896.000000,167.030000,895.900000,124.400000,895.800000,235.720000,895.700000,143.810000,895.600000,236.750000,895.500000,250.540000,895.400000,203.610000,895.300000,127.090000,895.200000,126.470000,895.100000,20.030000,896.100000,57.650000,896.200000,60.070000,896.300000,148.050000,896.400000,101.620000,896.500000,137.740000,896.600000,90.610000,896.700000,139.300000,896.800000,91.740000,896.900000,168.920000,897.000000,125.390000
1764326059643,261589617020,896.000000,161.180000,895.900000,124.400000,895.800000,235.720000,895.700000,143.810000,895.600000,236.750000,895.500000,250.540000,895.400000,203.610000,895.300000,127.090000,895.200000,126.470000,895.100000,20.030000,896.100000,58.620000,896.200000,60.070000,896.300000,148.050000,896.400000,103.940000,896.500000,137.740000,896.600000,90.610000,896.700000,139.300000,896.800000,91.740000,896.900000,168.920000,897.000000,125.390000
1764326059903,261589623946,896.000000,167.790000,895.900000,124.400000,895.800000,235.720000,895.700000,143.810000,895.600000,236.750000,895.500000,250.540000,895.400000,203.610000,895.300000,127.090000,895.200000,126.470000,895.100000,20.030000,896.100000,59.270000,896.200000,60.070000,896.300000,148.050000,896.400000,103.940000,896.500000,137.740000,896.600000,90.610000,896.700000,139.300000,896.800000,91.740000,896.900000,168.920000,897.000000,125.390000
1764326060154,261589635865,896.000000,160.810000,895.900000,145.110000,895.800000,237.140000,895.700000,143.810000,895.600000,236.750000,895.500000,250.540000,895.400000,203.610000,895.300000,77.320000,895.200000,126.470000,895.100000,20.030000,896.100000,57.980000,896.200000,62.450000,896.300000,148.050000,896.400000,103.940000,896.500000,137.740000,896.600000,90.610000,896.700000,139.300000,896.800000,91.740000,896.900000,167.620000,897.000000,125.370000
1764326060412,261589643483,896.000000,167.580000,895.900000,145.110000,895.800000,237.140000,895.700000,143.810000,895.600000,236.750000,895.500000,250.540000,895.400000,189.520000,895.300000,77.320000,895.200000,126.470000,895.100000,69.800000,896.100000,55.620000,896.200000,62.450000,896.300000,148.050000,896.400000,103.940000,896.500000,137.740000,896.600000,90.610000,896.700000,139.300000,896.800000,91.760000,896.900000,167.620000,897.000000,125.370000
1764326060664,261589650054,896.000000,168.130000,895.900000,145.110000,895.800000,237.140000,895.700000,143.810000,895.600000,236.750000,895.500000,250.540000,895.400000,189.520000,895.300000,77.320000,895.200000,136.590000,895.100000,69.800000,896.100000,57.020000,896.200000,62.450000,896.300000,148.050000,896.400000,103.940000,896.500000,137.740000,896.600000,90.610000,896.700000,139.300000,896.800000,91.760000,896.900000,167.620000,897.000000,125.370000
1764326060932,261589659508,896.000000,168.620000,895.900000,145.110000,895.800000,237.140000,895.700000,143.810000,895.600000,236.750000,895.500000,250.540000,895.400000,189.520000,895.300000,49.930000,895.200000,136.590000,895.100000,69.800000,896.100000,57.230000,896.200000,62.450000,896.300000,148.050000,896.400000,103.940000,896.500000,137.740000,896.600000,90.610000,896.700000,139.300000,896.800000,91.770000,896.900000,167.610000,897.000000,125.370000
1764326061203,261589666849,896.000000,168.030000,895.900000,145.110000,895.800000,237.140000,895.700000,143.810000,895.600000,236.750000,895.500000,250.540000,895.400000,189.520000,895.300000,49.930000,895.200000,136.590000,895.100000,69.800000,896.100000,56.470000,896.200000,62.450000,896.300000,148.050000,896.400000,103.940000,896.500000,137.740000,896.600000,90.610000,896.700000,139.300000,896.800000,91.770000,896.900000,167.610000,897.000000,125.370000
1764326061484,261589674763,896.000000,167.830000,895.900000,145.110000,895.800000,237.140000,895.700000,143.810000,895.600000,236.750000,895.500000,250.540000,895.400000,189.520000,895.300000,49.930000,895.200000,136.590000,895.100000,69.800000,896.100000,56.190000,896.200000,62.450000,896.300000,148.050000,896.400000,103.940000,896.500000,137.740000,896.600000,90.610000,896.700000,139.300000,896.800000,91.770000,896.900000,167.610000,897.000000,125.370000
1764326061754,261589682269,896.000000,168.620000,895.900000,145.110000,895.800000,237.140000,895.700000,143.810000,895.600000,236.750000,895.500000,250.540000,895.400000,189.520000,895.300000,74.310000,895.200000,136.590000,895.100000,69.800000,896.100000,56.270000,896.200000,62.450000,896.300000,148.050000,896.400000,103.940000,896.500000,137.740000,896.600000,90.610000,896.700000,139.300000,896.800000,91.770000,896.900000,167.610000,897.000000,125.370000
1764326062037,261589691764,896.000000,157.310000,895.900000,145.110000,895.800000,237.140000,895.700000,140.460000,895.600000,236.750000,895.500000,250.540000,895.400000,189.520000,895.300000,74.310000,895.200000,136.590000,895.100000,69.800000,896.100000,56.920000,896.200000,62.450000,896.300000,148.050000,896.400000,103.940000,896.500000,137.740000,896.600000,90.610000,896.700000,137.350000,896.800000,91.770000,896.900000,167.610000,897.000000,125.370000
1764326062291,261589698743,896.000000,158.530000,895.900000,177.720000,895.800000,201.350000,895.700000,140.460000,895.600000,236.750000,895.500000,250.540000,895.400000,189.520000,895.300000,74.310000,895.200000,136.590000,895.100000,69.800000,896.100000,55.620000,896.200000,62.450000,896.300000,148.050000,896.400000,118.060000,896.500000,160.300000,896.600000,90.610000,896.700000,137.350000,896.800000,91.770000,896.900000,169.010000,897.000000,102.810000
1764326062543,261589704931,896.000000,157.290000,895.900000,177.720000,895.800000,201.350000,895.700000,140.460000,895.600000,236.750000,895.500000,250.540000,895.400000,189.520000,895.300000,74.310000,895.200000,136.590000,895.100000,69.800000,896.100000,56.820000,896.200000,62.450000,896.300000,148.050000,896.400000,119.510000,896.500000,160.300000,896.600000,90.610000,896.700000,137.350000,896.800000,91.770000,896.900000,169.010000,897.000000,102.810000
1764326062799,261589712344,896.000000,158.270000,895.900000,177.720000,895.800000,201.350000,895.700000,140.460000,895.600000,236.750000,895.500000,250.540000,895.400000,189.520000,895.300000,74.310000,895.200000,136.590000,895.100000,69.800000,896.100000,55.620000,896.200000,62.450000,896.300000,148.050000,896.400000,119.510000,896.500000,160.300000,896.600000,90.610000,896.700000,136.230000,896.800000,91.770000,896.900000,169.010000,897.000000,102.810000
1764326063054,261589719273,896.000000,157.970000,895.900000,145.110000,895.800000,233.960000,895.700000,140.460000,895.600000,236.750000,895.500000,250.540000,895.400000,189.520000,895.300000,75.420000,895.200000,136.590000,895.100000,69.800000,896.100000,56.240000,896.200000,62.450000,896.300000,148.050000,896.400000,119.510000,896.500000,160.300000,896.600000,90.610000,896.700000,136.230000,896.800000,91.770000,896.900000,169.010000,897.000000,102.810000
1764326063335,261589726067,896.000000,157.390000,895.900000,177.720000,895.800000,201.350000,895.700000,140.460000,895.600000,236.750000,895.500000,250.540000,895.400000,189.520000,895.300000,75.420000,895.200000,136.590000,895.100000,69.800000,896.100000,56.920000,896.200000,62.450000,896.300000,148.050000,896.400000,120.180000,896.500000,160.300000,896.600000,90.610000,896.700000,136.230000,896.800000,92.880000,896.900000,167.900000,897.000000,102.810000
1764326063588,261589733130,896.000000,158.420000,895.900000,177.720000,895.800000,201.350000,895.700000,140.460000,895.600000,236.750000,895.500000,250.540000,895.400000,189.520000,895.300000,75.420000,895.200000,136.590000,895.100000,69.800000,896.100000,56.400000,896.200000,62.450000,896.300000,148.050000,896.400000,120.180000,896.500000,160.300000,896.600000,90.610000,896.700000,136.230000,896.800000,92.880000,896.900000,167.900000,897.000000,102.810000
1764326063894,261589741270,896.000000,158.840000,895.900000,177.720000,895.800000,201.350000,895.700000,140.460000,895.600000,236.750000,895.500000,250.540000,895.400000,189.520000,895.300000,75.420000,895.200000,136.590000,895.100000,69.800000,896.100000,57.030000,896.200000,62.450000,896.300000,148.050000,896.400000,120.180000,896.500000,160.300000,896.600000,90.610000,896.700000,136.230000,896.800000,92.880000,896.900000,167.900000,897.000000,102.810000
1764326064144,261589748175,896.000000,157.910000,895.900000,177.720000,895.800000,201.350000,895.700000,140.460000,895.600000,236.750000,895.500000,250.540000,895.400000,189.520000,895.300000,75.420000,895.200000,136.590000,895.100000,69.800000,896.100000,56.690000,896.200000,62.450000,896.300000,148.050000,896.400000,120.180000,896.500000,160.300000,896.600000,90.610000,896.700000,136.230000,896.800000,92.880000,896.900000,167.900000,897.000000,102.810000
1764326064404,261589755141,896.000000,157.730000,895.900000,177.720000,895.800000,201.350000,895.700000,140.460000,895.600000,236.750000,895.500000,250.540000,895.400000,189.520000,895.300000,75.420000,895.200000,136.590000,895.100000,69.800000,896.100000,56.210000,896.200000,62.450000,896.300000,148.050000,896.400000,120.180000,896.500000,160.300000,896.600000,90.610000,896.700000,136.230000,896.800000,92.880000,896.900000,167.900000,897.000000,102.810000
1764326064658,261589761413,896.000000,159.760000,895.900000,177.720000,895.800000,201.350000,895.700000,140.460000,895.600000,236.750000,895.500000,250.540000,895.400000,189.520000,895.300000,75.420000,895.200000,136.590000,895.100000,69.800000,896.100000,56.690000,896.200000,62.450000,896.300000,148.050000,896.400000,120.180000,896.500000,160.300000,896.600000,90.610000,896.700000,136.230000,896.800000,92.880000,896.900000,166.500000,897.000000,102.810000
1764326064935,261589769697,896.000000,159.330000,895.900000,177.720000,895.800000,201.350000,895.700000,140.460000,895.600000,236.750000,895.500000,250.540000,895.400000,189.520000,895.300000,75.420000,895.200000,136.590000,895.100000,69.800000,896.100000,56.180000,896.200000,62.450000,896.300000,148.050000,896.400000,120.180000,896.500000,160.300000,896.600000,90.610000,896.700000,136.230000,896.800000,92.880000,896.900000,166.500000,897.000000,102.810000
1764326065191,261589776463,896.000000,157.820000,895.900000,177.720000,895.800000,201.350000,895.700000,140.460000,895.600000,236.750000,895.500000,250.540000,895.400000,189.520000,895.300000,75.420000,895.200000,136.590000,895.100000,20.030000,896.100000,56.230000,896.200000,62.450000,896.300000,148.050000,896.400000,120.180000,896.500000,160.300000,896.600000,90.610000,896.700000,136.230000,896.800000,92.880000,896.900000,166.500000,897.000000,102.810000
1764326065441,261589782431,896.000000,158.090000,895.900000,177.720000,895.800000,201.350000,895.700000,140.460000,895.600000,236.750000,895.500000,250.540000,895.400000,189.520000,895.300000,75.420000,895.200000,176.240000,895.100000,20.030000,896.100000,56.630000,896.200000,62.450000,896.300000,148.050000,896.400000,120.180000,896.500000,160.300000,896.600000,90.610000,896.700000,136.230000,896.800000,92.860000,896.900000,166.520000,897.000000,102.810000
1764326065716,261589789466,896.000000,158.350000,895.900000,177.720000,895.800000,201.350000,895.700000,140.460000,895.600000,236.750000,895.500000,250.540000,895.400000,189.520000,895.300000,75.420000,895.200000,176.240000,895.100000,20.030000,896.100000,56.210000,896.200000,62.450000,896.300000,148.050000,896.400000,120.180000,896.500000,160.300000,896.600000,90.610000,896.700000,136.230000,896.800000,92.860000,896.900000,166.520000,897.000000,102.810000
1764326065975,261589796699,896.000000,158.450000,895.900000,177.720000,895.800000,201.350000,895.700000,140.460000,895.600000,236.750000,895.500000,250.540000,895.400000,189.520000,895.300000,75.420000,895.200000,176.240000,895.100000,20.030000,896.100000,56.880000,896.200000,62.450000,896.300000,148.050000,896.400000,120.180000,896.500000,160.300000,896.600000,90.610000,896.700000,136.230000,896.800000,92.850000,896.900000,166.530000,897.000000,102.810000
1764326066234,261589803702,896.000000,156.970000,895.900000,177.720000,895.800000,201.350000,895.700000,140.460000,895.600000,236.750000,895.500000,250.540000,895.400000,189.520000,895.300000,75.420000,895.200000,176.240000,895.100000,20.030000,896.100000,56.980000,896.200000,62.450000,896.300000,148.050000,896.400000,120.180000,896.500000,160.300000,896.600000,90.610000,896.700000,136.230000,896.800000,92.850000,896.900000,166.530000,897.000000,102.810000
1764326066484,261589810111,896.000000,157.990000,895.900000,177.720000,895.800000,201.350000,895.700000,140.460000,895.600000,236.750000,895.500000,250.540000,895.400000,189.520000,895.300000,75.420000,895.200000,176.240000,895.100000,20.030000,896.100000,56.630000,896.200000,62.450000,896.300000,148.050000,896.400000,120.180000,896.500000,160.300000,896.600000,90.610000,896.700000,136.230000,896.800000,92.850000,896.900000,166.530000,897.000000,102.810000
1764326066737,261589816166,896.000000,157.750000,895.900000,177.720000,895.800000,201.350000,895.700000,140.460000,895.600000,236.750000,895.500000,250.540000,895.400000,189.520000,895.300000,75.420000,895.200000,176.240000,895.100000,20.030000,896.100000,56.230000,896.200000,62.450000,896.300000,148.050000,896.400000,120.180000,896.500000,160.300000,896.600000,90.610000,896.700000,136.230000,896.800000,92.850000,896.900000,166.530000,897.000000,102.810000
1764326067002,261589823509,896.000000,157.820000,895.900000,177.720000,895.800000,201.350000,895.700000,140.460000,895.600000,236.750000,895.500000,250.540000,895.400000,189.520000,895.300000,75.420000,895.200000,176.240000,895.100000,20.030000,896.100000,57.090000,896.200000,62.450000,896.300000,148.050000,896.400000,120.180000,896.500000,160.300000,896.600000,90.610000,896.700000,136.230000,896.800000,92.850000,896.900000,166.530000,897.000000,102.810000
1764326067284,261589830204,896.000000,158.320000,895.900000,177.720000,895.800000,201.350000,895.700000,140.460000,895.600000,236.750000,895.500000,250.540000,895.400000,189.520000,895.300000,75.420000,895.200000,176.240000,895.100000,20.030000,896.100000,56.290000,896.200000,62.450000,896.300000,148.050000,896.400000,120.180000,896.500000,160.300000,896.600000,90.610000,896.700000,136.230000,896.800000,92.850000,896.900000,166.530000,897.000000,102.810000
1764326067556,261589839787,896.000000,78.210000,895.900000,145.110000,895.800000,235.170000,895.700000,140.460000,895.600000,236.750000,895.500000,250.540000,895.400000,189.520000,895.300000,75.420000,895.200000,176.240000,895.100000,20.030000,896.100000,57.370000,896.200000,62.450000,896.300000,151.400000,896.400000,120.180000,896.500000,160.300000,896.600000,90.610000,896.700000,136.230000,896.800000,92.850000,896.900000,167.960000,897.000000,102.810000
1764326067806,261589851773,896.000000,7.530000,895.900000,144.290000,895.800000,238.520000,895.700000,140.460000,895.600000,225.590000,895.500000,250.540000,895.400000,189.520000,895.300000,134.470000,895.200000,176.240000,895.100000,28.520000,896.100000,133.920000,896.200000,133.910000,896.300000,110.560000,896.400000,120.180000,896.500000,184.250000,896.600000,90.610000,896.700000,136.230000,896.800000,92.850000,896.900000,148.440000,897.000000,55.600000
1764326068072,261589860050,895.900000,106.010000,895.800000,241.900000,895.700000,140.460000,895.600000,225.590000,895.500000,256.790000,895.400000,189.520000,895.300000,134.470000,895.200000,176.240000,895.100000,28.520000,895.000000,105.640000,896.000000,52.760000,896.100000,118.200000,896.200000,147.680000,896.300000,112.590000,896.400000,106.580000,896.500000,205.420000,896.600000,90.610000,896.700000,136.230000,896.800000,92.850000,896.900000,144.060000
1764326068352,261589869125,895.900000,104.800000,895.800000,241.900000,895.700000,140.460000,895.600000,225.590000,895.500000,256.790000,895.400000,189.520000,895.300000,134.470000,895.200000,176.240000,895.100000,28.520000,895.000000,105.640000,896.000000,52.180000,896.100000,118.200000,896.200000,147.680000,896.300000,113.220000,896.400000,107.210000,896.500000,205.420000,896.600000,90.610000,896.700000,136.230000,896.800000,92.850000,896.900000,144.060000
1764326068604,261589876780,895.900000,105.510000,895.800000,241.900000,895.700000,140.460000,895.600000,225.590000,895.500000,256.790000,895.400000,189.520000,895.300000,134.470000,895.200000,176.240000,895.100000,28.520000,895.000000,105.640000,896.000000,52.180000,896.100000,118.200000,896.200000,147.680000,896.300000,113.220000,896.400000,107.210000,896.500000,205.420000,896.600000,90.610000,896.700000,136.230000,896.800000,92.850000,896.900000,144.060000
1764326068857,261589883335,895.900000,108.310000,895.800000,240.510000,895.700000,140.460000,895.600000,225.590000,895.500000,256.790000,895.400000,207.260000,895.300000,134.470000,895.200000,176.240000,895.100000,28.520000,895.000000,105.640000,896.000000,49.280000,896.100000,118.200000,896.200000,147.680000,896.300000,113.220000,896.400000,107.210000,896.500000,205.420000,896.600000,90.610000,896.700000,136.230000,896.800000,92.850000,896.900000,152.570000
1764326069115,261589890177,895.900000,108.690000,895.800000,240.510000,895.700000,140.460000,895.600000,203.030000,895.500000,256.790000,895.400000,229.820000,895.300000,134.470000,895.200000,176.240000,895.100000,28.520000,895.000000,105.640000,896.000000,48.930000,896.100000,118.200000,896.200000,147.680000,896.300000,113.220000,896.400000,107.210000,896.500000,205.420000,896.600000,90.610000,896.700000,136.230000,896.800000,92.850000,896.900000,152.570000
1764326069380,261589897580,895.900000,108.160000,895.800000,240.510000,895.700000,140.460000,895.600000,203.030000,895.500000,256.790000,895.400000,229.820000,895.300000,134.470000,895.200000,176.240000,895.100000,28.520000,895.000000,105.640000,896.000000,48.600000,896.100000,118.200000,896.200000,147.680000,896.300000,113.220000,896.400000,107.210000,896.500000,205.420000,896.600000,90.610000,896.700000,136.230000,896.800000,92.850000,896.900000,152.570000
1764326069647,261589903585,895.900000,107.490000,895.800000,240.510000,895.700000,140.460000,895.600000,203.030000,895.500000,256.790000,895.400000,229.820000,895.300000,134.470000,895.200000,176.240000,895.100000,28.520000,895.000000,105.640000,896.000000,49.040000,896.100000,118.200000,896.200000,147.680000,896.300000,113.220000,896.400000,107.210000,896.500000,205.420000,896.600000,90.610000,896.700000,136.230000,896.800000,92.850000,896.900000,152.570000
1764326069911,261589914657,895.900000,106.810000,895.800000,240.510000,895.700000,140.460000,895.600000,203.030000,895.500000,256.790000,895.400000,229.820000,895.300000,134.470000,895.200000,176.240000,895.100000,28.520000,895.000000,105.640000,896.000000,43.190000,896.100000,118.200000,896.200000,147.680000,896.300000,113.220000,896.400000,107.210000,896.500000,205.420000,896.600000,90.610000,896.700000,136.230000,896.800000,92.850000,896.900000,152.570000
1764326070161,261589920631,895.900000,107.520000,895.800000,240.510000,895.700000,140.460000,895.600000,203.030000,895.500000,256.790000,895.400000,229.820000,895.300000,134.470000,895.200000,176.240000,895.100000,28.520000,895.000000,105.640000,896.000000,44.760000,896.100000,118.200000,896.200000,147.680000,896.300000,113.220000,896.400000,107.210000,896.500000,205.420000,896.600000,90.610000,896.700000,136.230000,896.800000,92.850000,896.900000,152.570000
1764326070444,261589927976,895.900000,108.020000,895.800000,240.510000,895.700000,140.460000,895.600000,203.030000,895.500000,256.790000,895.400000,229.820000,895.300000,134.470000,895.200000,136.590000,895.100000,78.290000,895.000000,105.640000,896.000000,43.960000,896.100000,118.200000,896.200000,147.680000,896.300000,113.220000,896.400000,107.210000,896.500000,205.420000,896.600000,90.610000,896.700000,136.230000,896.800000,92.870000,896.900000,152.550000
1764326070722,261589936869,895.900000,108.590000,895.800000,240.510000,895.700000,140.460000,895.600000,203.030000,895.500000,256.790000,895.400000,229.820000,895.300000,134.470000,895.200000,136.590000,895.100000,78.290000,895.000000,105.640000,896.000000,44.430000,896.100000,118.200000,896.200000,147.680000,896.300000,113.220000,896.400000,107.210000,896.500000,205.420000,896.600000,90.610000,896.700000,136.230000,896.800000,92.870000,896.900000,152.550000
1764326070993,261589944474,895.900000,142.980000,895.800000,206.690000,895.700000,140.460000,895.600000,203.030000,895.500000,256.790000,895.400000,229.820000,895.300000,110.090000,895.200000,91.310000,895.100000,123.570000,895.000000,105.640000,896.000000,43.190000,896.100000,118.200000,896.200000,147.680000,896.300000,113.220000,896.400000,107.210000,896.500000,205.420000,896.600000,90.610000,896.700000,136.230000,896.800000,92.880000,896.900000,152.540000
1764326071249,261589950412,895.900000,143.200000,895.800000,206.690000,895.700000,140.460000,895.600000,203.030000,895.500000,256.790000,895.400000,229.820000,895.300000,110.090000,895.200000,91.310000,895.100000,123.570000,895.000000,105.640000,896.000000,54.580000,896.100000,118.200000,896.200000,147.680000,896.300000,113.220000,896.400000,107.210000,896.500000,205.420000,896.600000,90.610000,896.700000,136.230000,896.800000,92.880000,896.900000,152.540000
1764326071523,261589957183,895.900000,143.000000,895.800000,206.690000,895.700000,140.460000,895.600000,203.030000,895.500000,256.790000,895.400000,229.820000,895.300000,110.090000,895.200000,91.310000,895.100000,123.570000,895.000000,105.640000,896.000000,51.850000,896.100000,118.200000,896.200000,147.680000,896.300000,113.220000,896.400000,107.210000,896.500000,205.420000,896.600000,90.610000,896.700000,136.230000,896.800000,92.880000,896.900000,152.540000
1764326071782,261589962818,895.900000,143.160000,895.800000,206.690000,895.700000,140.460000,895.600000,203.030000,895.500000,256.790000,895.400000,229.820000,895.300000,110.090000,895.200000,91.310000,895.100000,123.570000,895.000000,105.640000,896.000000,21.010000,896.100000,150.740000,896.200000,147.680000,896.300000,113.220000,896.400000,107.210000,896.500000,205.420000,896.600000,90.610000,896.700000,136.230000,896.800000,92.880000,896.900000,152.540000
1764326072045,261589970116,895.900000,142.830000,895.800000,206.690000,895.700000,140.460000,895.600000,203.030000,895.500000,256.790000,895.400000,229.820000,895.300000,120.960000,895.200000,91.310000,895.100000,123.570000,895.000000,105.640000,896.000000,19.990000,896.100000,150.740000,896.200000,147.680000,896.300000,113.220000,896.400000,107.210000,896.500000,205.420000,896.600000,90.610000,896.700000,136.230000,896.800000,92.880000,896.900000,152.540000
1764326072332,261589976879,895.900000,143.440000,895.800000,206.690000,895.700000,140.460000,895.600000,203.030000,895.500000,256.790000,895.400000,229.820000,895.300000,120.960000,895.200000,91.310000,895.100000,123.570000,895.000000,105.640000,896.000000,11.090000,896.100000,150.740000,896.200000,147.680000,896.300000,113.220000,896.400000,107.210000,896.500000,205.420000,896.600000,90.610000,896.700000,136.230000,896.800000,92.880000,896.900000,152.540000
1764326072590,261589982432,895.900000,143.220000,895.800000,206.690000,895.700000,140.460000,895.600000,203.030000,895.500000,256.790000,895.400000,229.820000,895.300000,120.960000,895.200000,91.310000,895.100000,123.570000,895.000000,105.640000,896.000000,11.530000,896.100000,150.740000,896.200000,147.680000,896.300000,113.220000,896.400000,107.210000,896.500000,205.420000,896.600000,90.610000,896.700000,137.340000,896.800000,91.770000,896.900000,152.540000
1764326072869,261589989748,895.900000,143.200000,895.800000,206.690000,895.700000,140.460000,895.600000,203.030000,895.500000,256.790000,895.400000,229.820000,895.300000,120.960000,895.200000,91.310000,895.100000,123.570000,895.000000,105.640000,896.000000,10.850000,896.100000,150.740000,896.200000,147.680000,896.300000,113.220000,896.400000,107.210000,896.500000,205.420000,896.600000,90.610000,896.700000,137.340000,896.800000,91.770000,896.900000,152.540000
1764326073126,261589995589,895.900000,143.060000,895.800000,206.690000,895.700000,140.460000,895.600000,203.030000,895.500000,256.790000,895.400000,229.820000,895.300000,120.960000,895.200000,103.530000,895.100000,123.570000,895.000000,105.640000,896.000000,11.180000,896.100000,150.740000,896.200000,147.680000,896.300000,113.220000,896.400000,107.210000,896.500000,205.420000,896.600000,90.610000,896.700000,137.340000,896.800000,91.770000,896.900000,152.540000
1764326073406,261590002376,895.900000,141.830000,895.800000,206.690000,895.700000,140.460000,895.600000,203.030000,895.500000,256.790000,895.400000,229.820000,895.300000,120.960000,895.200000,103.530000,895.100000,123.570000,895.000000,105.640000,896.000000,10.180000,896.100000,150.740000,896.200000,147.680000,896.300000,113.220000,896.400000,107.210000,896.500000,205.420000,896.600000,90.610000,896.700000,137.340000,896.800000,91.770000,896.900000,152.540000
1764326073656,261590006372,895.900000,141.830000,895.800000,206.690000,895.700000,140.460000,895.600000,203.030000,895.500000,256.790000,895.400000,229.820000,895.300000,120.960000,895.200000,103.530000,895.100000,123.570000,895.000000,105.640000,896.000000,10.180000,896.100000,150.740000,896.200000,147.680000,896.300000,113.220000,896.400000,107.210000,896.500000,205.420000,896.600000,90.610000,896.700000,137.340000,896.800000,91.770000,896.900000,152.540000
1764326073909,261590012040,895.900000,143.020000,895.800000,206.690000,895.700000,140.460000,895.600000,203.030000,895.500000,256.790000,895.400000,229.820000,895.300000,120.960000,895.200000,103.530000,895.100000,123.570000,895.000000,105.640000,896.000000,11.570000,896.100000,150.740000,896.200000,147.680000,896.300000,113.220000,896.400000,107.210000,896.500000,205.420000,896.600000,90.610000,896.700000,137.340000,896.800000,91.770000,896.900000,152.540000
1764326074186,261590018691,895.900000,143.390000,895.800000,206.690000,895.700000,140.460000,895.600000,203.030000,895.500000,256.790000,895.400000,229.820000,895.300000,120.960000,895.200000,104.640000,895.100000,123.570000,895.000000,105.640000,896.000000,10.760000,896.100000,150.740000,896.200000,147.680000,896.300000,113.220000,896.400000,107.210000,896.500000,205.420000,896.600000,90.610000,896.700000,137.340000,896.800000,91.770000,896.900000,152.540000
1764326074457,261590024489,895.900000,143.030000,895.800000,206.690000,895.700000,140.460000,895.600000,203.030000,895.500000,256.790000,895.400000,229.820000,895.300000,120.960000,895.200000,104.640000,895.100000,123.570000,895.000000,105.640000,896.000000,10.930000,896.100000,150.740000,896.200000,147.680000,896.300000,113.220000,896.400000,107.210000,896.500000,205.420000,896.600000,90.610000,896.700000,137.340000,896.800000,91.770000,896.900000,152.540000
1764326074726,261590030458,895.900000,142.960000,895.800000,206.690000,895.700000,140.460000,895.600000,203.030000,895.500000,256.790000,895.400000,229.820000,895.300000,120.960000,895.200000,104.640000,895.100000,123.570000,895.000000,105.640000,896.000000,10.990000,896.100000,150.740000,896.200000,147.680000,896.300000,113.220000,896.400000,107.210000,896.500000,205.420000,896.600000,90.610000,896.700000,137.340000,896.800000,91.770000,896.900000,152.540000
1764326074983,261590036845,895.900000,143.250000,895.800000,206.690000,895.700000,140.460000,895.600000,234.020000,895.500000,256.790000,895.400000,229.820000,895.300000,120.960000,895.200000,104.640000,895.100000,123.570000,895.000000,105.640000,896.000000,10.800000,896.100000,150.740000,896.200000,147.680000,896.300000,113.220000,896.400000,107.210000,896.500000,205.420000,896.600000,90.610000,896.700000,137.340000,896.800000,91.770000,896.900000,152.540000
1764326075236,261590044213,895.900000,142.450000,895.800000,206.690000,895.700000,140.460000,895.600000,234.020000,895.500000,256.790000,895.400000,229.820000,895.300000,120.960000,895.200000,104.640000,895.100000,123.570000,895.000000,105.640000,896.000000,11.280000,896.100000,150.740000,896.200000,147.680000,896.300000,113.220000,896.400000,107.210000,896.500000,205.420000,896.600000,90.610000,896.700000,137.340000,896.800000,91.770000,896.900000,152.540000
1764326075500,261590050170,895.900000,142.640000,895.800000,206.690000,895.700000,140.460000,895.600000,234.020000,895.500000,256.790000,895.400000,229.820000,895.300000,120.960000,895.200000,104.640000,895.100000,123.570000,895.000000,105.640000,896.000000,11.660000,896.100000,150.740000,896.200000,147.680000,896.300000,113.220000,896.400000,107.210000,896.500000,205.420000,896.600000,90.610000,896.700000,137.340000,896.800000,91.770000,896.900000,152.540000
1764326075791,261590056103,895.900000,143.390000,895.800000,206.690000,895.700000,140.460000,895.600000,234.020000,895.500000,256.790000,895.400000,229.820000,895.300000,120.960000,895.200000,104.640000,895.100000,123.570000,895.000000,105.640000,896.000000,11.060000,896.100000,150.740000,896.200000,147.680000,896.300000,113.220000,896.400000,107.210000,896.500000,205.420000,896.600000,90.610000,896.700000,137.340000,896.800000,91.770000,896.900000,152.540000
1764326076041,261590063616,895.900000,141.830000,895.800000,206.690000,895.700000,140.460000,895.600000,234.020000,895.500000,256.790000,895.400000,229.820000,895.300000,120.960000,895.200000,104.640000,895.100000,123.570000,895.000000,105.640000,896.000000,41.730000,896.100000,118.200000,896.200000,147.680000,896.300000,113.220000,896.400000,107.210000,896.500000,205.420000,896.600000,90.610000,896.700000,137.340000,896.800000,91.770000,896.900000,152.540000
1764326076292,261590069300,895.900000,141.830000,895.800000,206.690000,895.700000,140.460000,895.600000,234.020000,895.500000,256.790000,895.400000,229.820000,895.300000,120.960000,895.200000,104.640000,895.100000,123.570000,895.000000,105.640000,896.000000,10.800000,896.100000,149.750000,896.200000,147.680000,896.300000,113.220000,896.400000,107.210000,896.500000,205.420000,896.600000,90.610000,896.700000,137.340000,896.800000,91.770000,896.900000,152.540000
1764326076580,261590076385,895.900000,142.590000,895.800000,206.690000,895.700000,140.460000,895.600000,234.020000,895.500000,256.790000,895.400000,229.820000,895.300000,120.960000,895.200000,104.640000,895.100000,123.570000,895.000000,105.640000,896.000000,41.730000,896.100000,118.200000,896.200000,147.680000,896.300000,113.220000,896.400000,107.210000,896.500000,205.420000,896.600000,90.610000,896.700000,137.340000,896.800000,91.770000,896.900000,152.540000
1764326076835,261590081894,895.900000,143.000000,895.800000,206.690000,895.700000,140.460000,895.600000,234.020000,895.500000,256.790000,895.400000,229.820000,895.300000,120.960000,895.200000,104.640000,895.100000,123.570000,895.000000,105.640000,896.000000,42.470000,896.100000,118.200000,896.200000,147.680000,896.300000,113.220000,896.400000,107.210000,896.500000,205.420000,896.600000,90.610000,896.700000,137.340000,896.800000,91.770000,896.900000,152.540000
1764326077118,261590088329,895.900000,143.230000,895.800000,206.690000,895.700000,140.460000,895.600000,234.020000,895.500000,256.790000,895.400000,229.820000,895.300000,120.960000,895.200000,104.640000,895.100000,123.570000,895.000000,105.640000,896.000000,42.530000,896.100000,118.200000,896.200000,147.680000,896.300000,113.220000,896.400000,107.210000,896.500000,205.420000,896.600000,90.610000,896.700000,137.340000,896.800000,91.770000,896.900000,152.540000
1764326077371,261590094762,895.900000,143.480000,895.800000,206.690000,895.700000,140.460000,895.600000,234.020000,895.500000,256.790000,895.400000,229.820000,895.300000,120.960000,895.200000,104.640000,895.100000,123.570000,895.000000,105.640000,896.000000,41.730000,896.100000,118.200000,896.200000,147.680000,896.300000,113.220000,896.400000,107.210000,896.500000,205.420000,896.600000,90.610000,896.700000,137.340000,896.800000,91.770000,896.900000,152.540000
1764326077623,261590100476,895.900000,142.690000,895.800000,206.690000,895.700000,140.460000,895.600000,250.760000,895.500000,256.790000,895.400000,229.820000,895.300000,120.960000,895.200000,87.900000,895.100000,123.570000,895.000000,105.640000,896.000000,42.310000,896.100000,118.200000,896.200000,147.680000,896.300000,113.220000,896.400000,107.210000,896.500000,205.420000,896.600000,90.610000,896.700000,137.340000,896.800000,91.770000,896.900000,152.540000
1764326077925,261590107535,895.900000,142.520000,895.800000,206.690000,895.700000,140.460000,895.600000,250.760000,895.500000,256.790000,895.400000,229.820000,895.300000,120.960000,895.200000,87.900000,895.100000,123.570000,895.000000,105.640000,896.000000,43.200000,896.100000,118.200000,896.200000,147.680000,896.300000,113.220000,896.400000,107.210000,896.500000,205.420000,896.600000,90.610000,896.700000,137.340000,896.800000,91.770000,896.900000,152.540000
1764326078200,261590112699,895.900000,106.810000,895.800000,238.710000,895.700000,140.460000,895.600000,250.760000,895.500000,256.790000,895.400000,229.820000,895.300000,120.960000,895.200000,87.900000,895.100000,123.570000,895.000000,105.640000,896.000000,42.920000,896.100000,118.200000,896.200000,147.680000,896.300000,113.220000,896.400000,107.210000,896.500000,205.420000,896.600000,90.610000,896.700000,137.340000,896.800000,91.770000,896.900000,152.540000
1764326078462,261590119363,895.900000,109.600000,895.800000,238.710000,895.700000,140.460000,895.600000,250.760000,895.500000,256.790000,895.400000,229.820000,895.300000,120.960000,895.200000,87.900000,895.100000,123.570000,895.000000,105.640000,896.000000,42.890000,896.100000,118.200000,896.200000,147.680000,896.300000,113.220000,896.400000,107.210000,896.500000,205.420000,896.600000,90.610000,896.700000,137.340000,896.800000,91.770000,896.900000,152.540000
1764326078750,261590126381,895.900000,141.350000,895.800000,206.690000,895.700000,140.460000,895.600000,250.760000,895.500000,256.790000,895.400000,229.820000,895.300000,120.960000,895.200000,87.900000,895.100000,123.570000,895.000000,105.640000,896.000000,43.180000,896.100000,118.200000,896.200000,147.680000,896.300000,113.220000,896.400000,107.210000,896.500000,205.420000,896.600000,90.610000,896.700000,137.340000,896.800000,91.770000,896.900000,152.540000
1764326079032,261590135317,895.900000,140.630000,895.800000,206.690000,895.700000,140.460000,895.600000,250.760000,895.500000,256.790000,895.400000,229.820000,895.300000,120.960000,895.200000,87.900000,895.100000,123.570000,895.000000,105.640000,896.000000,41.730000,896.100000,118.200000,896.200000,147.680000,896.300000,113.220000,896.400000,107.210000,896.500000,205.420000,896.600000,90.610000,896.700000,137.340000,896.800000,91.770000,896.900000,152.540000
1764326079283,261590140980,895.900000,141.280000,895.800000,206.690000,895.700000,140.460000,895.600000,250.760000,895.500000,256.790000,895.400000,229.820000,895.300000,120.960000,895.200000,87.900000,895.100000,123.570000,895.000000,105.640000,896.000000,42.370000,896.100000,118.200000,896.200000,147.680000,896.300000,113.220000,896.400000,107.210000,896.500000,205.420000,896.600000,90.610000,896.700000,137.340000,896.800000,91.770000,896.900000,152.540000
1764326079544,261590147582,895.900000,141.600000,895.800000,206.690000,895.700000,140.460000,895.600000,250.760000,895.500000,256.790000,895.400000,229.820000,895.300000,120.960000,895.200000,87.900000,895.100000,123.570000,895.000000,105.640000,896.000000,41.730000,896.100000,118.200000,896.200000,147.680000,896.300000,113.220000,896.400000,107.210000,896.500000,205.420000,896.600000,90.610000,896.700000,137.340000,896.800000,91.770000,896.900000,152.540000
1764326079795,261590152844,895.900000,140.560000,895.800000,206.690000,895.700000,140.460000,895.600000,250.760000,895.500000,256.790000,895.400000,229.820000,895.300000,120.960000,895.200000,87.900000,895.100000,123.570000,895.000000,105.640000,896.000000,11.630000,896.100000,154.720000,896.200000,147.680000,896.300000,113.220000,896.400000,107.210000,896.500000,205.420000,896.600000,90.610000,896.700000,137.340000,896.800000,91.770000,896.900000,152.540000
1764326080045,261590157843,895.900000,141.110000,895.800000,206.690000,895.700000,140.460000,895.600000,250.760000,895.500000,256.790000,895.400000,229.820000,895.300000,120.960000,895.200000,87.900000,895.100000,123.570000,895.000000,105.640000,896.000000,11.480000,896.100000,154.720000,896.200000,147.680000,896.300000,113.220000,896.400000,107.210000,896.500000,205.420000,896.600000,90.610000,896.700000,137.340000,896.800000,91.770000,896.900000,152.540000
1764326080295,261590163330,895.900000,140.620000,895.800000,206.690000,895.700000,140.460000,895.600000,250.760000,895.500000,256.790000,895.400000,229.820000,895.300000,120.960000,895.200000,87.900000,895.100000,123.570000,895.000000,105.640000,896.000000,11.180000,896.100000,154.720000,896.200000,147.680000,896.300000,113.220000,896.400000,107.210000,896.500000,205.420000,896.600000,90.610000,896.700000,137.340000,896.800000,91.770000,896.900000,152.540000
1764326080549,261590170244,895.900000,141.620000,895.800000,206.690000,895.700000,140.460000,895.600000,250.760000,895.500000,256.790000,895.400000,229.820000,895.300000,120.960000,895.200000,87.900000,895.100000,123.570000,895.000000,105.640000,896.000000,11.310000,896.100000,154.720000,896.200000,147.680000,896.300000,113.220000,896.400000,107.210000,896.500000,205.420000,896.600000,90.610000,896.700000,137.340000,896.800000,91.770000,896.900000,152.540000
1764326080845,261590176585,895.900000,141.050000,895.800000,206.690000,895.700000,140.460000,895.600000,250.760000,895.500000,256.790000,895.400000,229.820000,895.300000,120.960000,895.200000,87.900000,895.100000,123.570000,895.000000,105.640000,896.000000,10.810000,896.100000,154.720000,896.200000,147.680000,896.300000,113.220000,896.400000,107.210000,896.500000,205.420000,896.600000,90.610000,896.700000,137.340000,896.800000,91.770000,896.900000,152.540000
1764326081099,261590181667,895.900000,140.880000,895.800000,206.690000,895.700000,140.460000,895.600000,250.760000,895.500000,256.790000,895.400000,229.820000,895.300000,120.960000,895.200000,87.900000,895.100000,123.570000,895.000000,105.640000,896.000000,10.850000,896.100000,154.720000,896.200000,147.680000,896.300000,113.220000,896.400000,107.210000,896.500000,205.420000,896.600000,90.610000,896.700000,137.340000,896.800000,91.770000,896.900000,152.540000
1764326081382,261590188562,896.000000,29.620000,895.900000,209.530000,895.800000,173.160000,895.700000,140.460000,895.600000,245.180000,895.500000,250.540000,895.400000,229.820000,895.300000,120.960000,895.200000,104.640000,895.100000,122.810000,896.100000,55.210000,896.200000,69.410000,896.300000,154.060000,896.400000,106.540000,896.500000,144.870000,896.600000,90.610000,896.700000,136.230000,896.800000,91.770000,896.900000,152.540000,897.000000,107.760000
1764326081647,261590193018,896.000000,27.530000,895.900000,210.920000,895.800000,173.160000,895.700000,140.460000,895.600000,245.180000,895.500000,250.540000,895.400000,229.820000,895.300000,120.960000,895.200000,104.640000,895.100000,122.810000,896.100000,53.460000,896.200000,69.410000,896.300000,154.060000,896.400000,106.540000,896.500000,152.000000,896.600000,113.170000,896.700000,136.230000,896.800000,91.770000,896.900000,152.540000,897.000000,107.760000
1764326081897,261590198482,896.000000,29.120000,895.900000,209.530000,895.800000,173.160000,895.700000,141.360000,895.600000,245.180000,895.500000,250.540000,895.400000,229.820000,895.300000,120.960000,895.200000,104.640000,895.100000,122.810000,896.100000,52.840000,896.200000,69.410000,896.300000,154.060000,896.400000,106.540000,896.500000,152.000000,896.600000,113.170000,896.700000,136.700000,896.800000,91.770000,896.900000,152.540000,897.000000,107.760000
1764326082309,261590205776,896.000000,28.450000,895.900000,210.920000,895.800000,173.160000,895.700000,141.360000,895.600000,245.180000,895.500000,250.540000,895.400000,229.820000,895.300000,120.960000,895.200000,104.640000,895.100000,122.810000,896.100000,54.810000,896.200000,69.410000,896.300000,154.060000,896.400000,106.540000,896.500000,152.000000,896.600000,113.170000,896.700000,136.700000,896.800000,91.770000,896.900000,152.540000,897.000000,107.760000
1764326082563,261590211642,896.000000,29.640000,895.900000,209.530000,895.800000,173.160000,895.700000,141.360000,895.600000,245.180000,895.500000,250.540000,895.400000,229.820000,895.300000,120.960000,895.200000,104.640000,895.100000,122.810000,896.100000,55.270000,896.200000,69.410000,896.300000,154.060000,896.400000,106.540000,896.500000,152.000000,896.600000,113.170000,896.700000,136.700000,896.800000,91.770000,896.900000,152.540000,897.000000,107.760000
1764326082845,261590216817,896.000000,29.840000,895.900000,209.530000,895.800000,173.160000,895.700000,141.360000,895.600000,245.180000,895.500000,250.540000,895.400000,229.820000,895.300000,120.960000,895.200000,104.640000,895.100000,122.810000,896.100000,55.140000,896.200000,69.410000,896.300000,154.060000,896.400000,106.540000,896.500000,152.000000,896.600000,113.170000,896.700000,136.700000,896.800000,91.770000,896.900000,152.540000,897.000000,107.760000
1764326083105,261590222756,896.000000,29.720000,895.900000,209.530000,895.800000,173.160000,895.700000,141.360000,895.600000,245.180000,895.500000,250.540000,895.400000,229.820000,895.300000,120.960000,895.200000,104.640000,895.100000,122.810000,896.100000,54.090000,896.200000,69.410000,896.300000,154.060000,896.400000,106.540000,896.500000,152.000000,896.600000,113.170000,896.700000,136.700000,896.800000,91.770000,896.900000,152.540000,897.000000,107.760000
1764326083356,261590226497,896.000000,29.510000,895.900000,209.530000,895.800000,173.160000,895.700000,141.360000,895.600000,245.180000,895.500000,250.540000,895.400000,229.820000,895.300000,120.960000,895.200000,104.640000,895.100000,122.810000,896.100000,55.550000,896.200000,69.410000,896.300000,154.060000,896.400000,106.540000,896.500000,152.000000,896.600000,113.170000,896.700000,136.700000,896.800000,91.770000,896.900000,164.920000,897.000000,107.760000
1764326083606,261590232438,896.000000,28.290000,895.900000,209.530000,895.800000,173.160000,895.700000,141.360000,895.600000,245.180000,895.500000,250.540000,895.400000,229.820000,895.300000,120.960000,895.200000,104.640000,895.100000,122.810000,896.100000,55.120000,896.200000,69.410000,896.300000,154.060000,896.400000,106.540000,896.500000,152.000000,896.600000,113.170000,896.700000,136.700000,896.800000,91.770000,896.900000,164.920000,897.000000,107.760000
1764326083856,261590236949,896.000000,29.250000,895.900000,209.530000,895.800000,173.160000,895.700000,141.360000,895.600000,245.180000,895.500000,250.540000,895.400000,229.820000,895.300000,120.960000,895.200000,104.640000,895.100000,122.810000,896.100000,55.710000,896.200000,69.410000,896.300000,154.060000,896.400000,106.540000,896.500000,152.000000,896.600000,113.170000,896.700000,136.700000,896.800000,91.770000,896.900000,164.920000,897.000000,107.760000
1764326084137,261590242745,896.000000,29.320000,895.900000,209.530000,895.800000,173.160000,895.700000,141.360000,895.600000,245.180000,895.500000,250.540000,895.400000,229.820000,895.300000,120.960000,895.200000,104.640000,895.100000,122.810000,896.100000,54.090000,896.200000,69.410000,896.300000,154.060000,896.400000,106.540000,896.500000,152.000000,896.600000,113.170000,896.700000,136.700000,896.800000,91.770000,896.900000,164.920000,897.000000,107.760000
1764326084387,261590247442,896.000000,29.660000,895.900000,209.530000,895.800000,173.160000,895.700000,141.360000,895.600000,245.180000,895.500000,250.540000,895.400000,229.820000,895.300000,120.960000,895.200000,104.640000,895.100000,122.810000,896.100000,55.740000,896.200000,69.410000,896.300000,154.060000,896.400000,106.540000,896.500000,152.000000,896.600000,113.170000,896.700000,136.700000,896.800000,91.770000,896.900000,164.920000,897.000000,107.760000
1764326084672,261590253129,896.000000,28.290000,895.900000,209.530000,895.800000,173.160000,895.700000,141.360000,895.600000,245.180000,895.500000,250.540000,895.400000,229.820000,895.300000,120.960000,895.200000,104.640000,895.100000,122.810000,896.100000,55.160000,896.200000,69.410000,896.300000,154.060000,896.400000,106.540000,896.500000,152.000000,896.600000,113.170000,896.700000,136.700000,896.800000,91.770000,896.900000,164.920000,897.000000,107.760000
1764326084923,261590257390,896.000000,29.520000,895.900000,209.530000,895.800000,173.160000,895.700000,141.360000,895.600000,245.180000,895.500000,250.540000,895.400000,229.820000,895.300000,120.960000,895.200000,104.640000,895.100000,122.810000,896.100000,55.300000,896.200000,69.410000,896.300000,154.060000,896.400000,106.540000,896.500000,152.000000,896.600000,113.170000,896.700000,136.700000,896.800000,91.770000,896.900000,164.920000,897.000000,107.760000
1764326085210,261590263058,896.000000,29.490000,895.900000,209.530000,895.800000,173.160000,895.700000,141.360000,895.600000,245.180000,895.500000,250.540000,895.400000,229.820000,895.300000,120.960000,895.200000,104.640000,895.100000,122.810000,896.100000,55.220000,896.200000,69.410000,896.300000,154.060000,896.400000,106.540000,896.500000,152.000000,896.600000,113.170000,896.700000,136.700000,896.800000,91.770000,896.900000,164.920000,897.000000,107.760000
1764326085502,261590268905,896.000000,28.030000,895.900000,210.920000,895.800000,173.160000,895.700000,141.360000,895.600000,245.180000,895.500000,250.540000,895.400000,229.820000,895.300000,120.960000,895.200000,142.190000,895.100000,73.040000,896.100000,55.310000,896.200000,69.410000,896.300000,154.060000,896.400000,106.540000,896.500000,152.000000,896.600000,113.170000,896.700000,136.700000,896.800000,91.770000,896.900000,164.920000,897.000000,107.760000
1764326085770,261590273404,896.000000,26.900000,895.900000,210.920000,895.800000,173.160000,895.700000,141.360000,895.600000,245.180000,895.500000,250.540000,895.400000,229.820000,895.300000,120.960000,895.200000,142.190000,895.100000,73.040000,896.100000,55.590000,896.200000,69.410000,896.300000,154.060000,896.400000,106.540000,896.500000,152.000000,896.600000,113.170000,896.700000,136.700000,896.800000,91.770000,896.900000,164.920000,897.000000,107.760000
1764326086034,261590279074,896.000000,27.490000,895.900000,210.920000,895.800000,173.160000,895.700000,141.360000,895.600000,245.180000,895.500000,250.540000,895.400000,229.820000,895.300000,120.960000,895.200000,177.350000,895.100000,27.760000,896.100000,55.010000,896.200000,69.410000,896.300000,154.060000,896.400000,106.540000,896.500000,152.000000,896.600000,113.170000,896.700000,136.700000,896.800000,91.760000,896.900000,164.930000,897.000000,107.760000
1764326086324,261590284339,896.000000,28.520000,895.900000,210.920000,895.800000,173.160000,895.700000,141.360000,895.600000,245.180000,895.500000,250.540000,895.400000,229.820000,895.300000,120.960000,895.200000,177.350000,895.100000,27.760000,896.100000,55.230000,896.200000,69.410000,896.300000,154.060000,896.400000,106.540000,896.500000,152.000000,896.600000,113.170000,896.700000,136.700000,896.800000,91.760000,896.900000,164.930000,897.000000,107.760000
1764326086601,261590288826,896.000000,29.150000,895.900000,210.920000,895.800000,173.160000,895.700000,141.360000,895.600000,245.180000,895.500000,250.540000,895.400000,229.820000,895.300000,120.960000,895.200000,177.350000,895.100000,27.760000,896.100000,55.210000,896.200000,69.410000,896.300000,154.060000,896.400000,106.540000,896.500000,152.000000,896.600000,113.170000,896.700000,136.700000,896.800000,91.760000,896.900000,164.930000,897.000000,107.760000
1764326086862,261590294099,896.000000,30.980000,895.900000,209.530000,895.800000,173.160000,895.700000,141.360000,895.600000,245.180000,895.500000,250.540000,895.400000,229.820000,895.300000,120.960000,895.200000,177.350000,895.100000,27.760000,896.100000,55.110000,896.200000,69.410000,896.300000,154.060000,896.400000,106.540000,896.500000,152.000000,896.600000,113.170000,896.700000,136.700000,896.800000,91.760000,896.900000,164.930000,897.000000,107.760000
1764326087141,261590299319,896.000000,28.590000,895.900000,210.920000,895.800000,173.160000,895.700000,141.360000,895.600000,245.180000,895.500000,250.540000,895.400000,229.820000,895.300000,120.960000,895.200000,177.350000,895.100000,27.760000,896.100000,54.720000,896.200000,69.410000,896.300000,154.060000,896.400000,106.540000,896.500000,152.000000,896.600000,113.170000,896.700000,136.700000,896.800000,91.760000,896.900000,164.930000,897.000000,107.760000
1764326087417,261590304476,896.000000,31.390000,895.900000,177.540000,895.800000,173.160000,895.700000,141.360000,895.600000,245.180000,895.500000,250.540000,895.400000,229.820000,895.300000,120.960000,895.200000,177.350000,895.100000,27.760000,896.100000,55.000000,896.200000,69.410000,896.300000,154.060000,896.400000,106.540000,896.500000,152.000000,896.600000,113.170000,896.700000,136.700000,896.800000,91.760000,896.900000,164.930000,897.000000,107.760000
1764326087667,261590309074,896.000000,65.440000,895.900000,177.540000,895.800000,173.160000,895.700000,141.360000,895.600000,245.180000,895.500000,250.540000,895.400000,229.820000,895.300000,120.960000,895.200000,176.240000,895.100000,27.760000,896.100000,55.040000,896.200000,69.410000,896.300000,154.060000,896.400000,106.540000,896.500000,152.000000,896.600000,113.170000,896.700000,136.700000,896.800000,91.760000,896.900000,164.930000,897.000000,107.760000
1764326087922,261590313209,896.000000,65.480000,895.900000,177.540000,895.800000,173.160000,895.700000,141.360000,895.600000,245.180000,895.500000,250.540000,895.400000,229.820000,895.300000,122.070000,895.200000,176.240000,895.100000,27.760000,896.100000,55.610000,896.200000,69.410000,896.300000,154.060000,896.400000,106.540000,896.500000,152.000000,896.600000,113.170000,896.700000,136.700000,896.800000,91.760000,896.900000,164.930000,897.000000,107.760000
1764326088195,261590318461,896.000000,28.580000,895.900000,213.420000,895.800000,173.160000,895.700000,141.360000,895.600000,245.180000,895.500000,250.540000,895.400000,229.820000,895.300000,122.070000,895.200000,176.240000,895.100000,27.760000,896.100000,55.380000,896.200000,69.410000,896.300000,154.060000,896.400000,106.540000,896.500000,152.000000,896.600000,113.170000,896.700000,136.700000,896.800000,92.870000,896.900000,164.930000,897.000000,107.760000
1764326088446,261590322884,896.000000,31.120000,895.900000,211.230000,895.800000,173.160000,895.700000,141.360000,895.600000,245.180000,895.500000,250.540000,895.400000,229.820000,895.300000,122.070000,895.200000,176.240000,895.100000,27.760000,896.100000,54.670000,896.200000,69.410000,896.300000,154.060000,896.400000,106.540000,896.500000,152.000000,896.600000,113.170000,896.700000,136.700000,896.800000,92.870000,896.900000,164.930000,897.000000,107.760000
1764326088738,261590328673,896.000000,31.310000,895.900000,211.230000,895.800000,173.160000,895.700000,141.360000,895.600000,245.180000,895.500000,250.540000,895.400000,229.820000,895.300000,122.070000,895.200000,176.240000,895.100000,27.760000,896.100000,55.230000,896.200000,69.410000,896.300000,154.060000,896.400000,106.540000,896.500000,152.000000,896.600000,113.170000,896.700000,136.700000,896.800000,92.870000,896.900000,164.930000,897.000000,107.760000
1764326089024,261590333664,896.000000,30.420000,895.900000,211.230000,895.800000,173.160000,895.700000,141.360000,895.600000,245.180000,895.500000,250.540000,895.400000,229.820000,895.300000,122.070000,895.200000,176.240000,895.100000,27.760000,896.100000,55.210000,896.200000,69.410000,896.300000,154.060000,896.400000,106.540000,896.500000,152.000000,896.600000,113.170000,896.700000,136.700000,896.800000,92.870000,896.900000,164.930000,897.000000,107.760000
1764326089297,261590338218,896.000000,29.290000,895.900000,211.230000,895.800000,170.040000,895.700000,141.360000,895.600000,245.180000,895.500000,250.540000,895.400000,229.820000,895.300000,122.070000,895.200000,176.240000,895.100000,27.760000,896.100000,55.390000,896.200000,69.410000,896.300000,154.060000,896.400000,106.540000,896.500000,152.000000,896.600000,113.170000,896.700000,136.700000,896.800000,92.870000,896.900000,164.930000,897.000000,107.760000
1764326089563,261590343430,896.000000,29.200000,895.900000,211.230000,895.800000,170.040000,895.700000,141.360000,895.600000,245.180000,895.500000,250.540000,895.400000,229.820000,895.300000,122.070000,895.200000,176.240000,895.100000,27.760000,896.100000,55.310000,896.200000,69.410000,896.300000,154.060000,896.400000,106.540000,896.500000,152.000000,896.600000,113.170000,896.700000,136.700000,896.800000,92.870000,896.900000,164.930000,897.000000,107.760000
1764326089827,261590351542,896.000000,6.730000,895.900000,86.700000,895.800000,201.970000,895.700000,182.200000,895.600000,228.440000,895.500000,250.540000,895.400000,229.820000,895.300000,120.960000,895.200000,176.240000,895.100000,27.760000,896.100000,171.700000,896.200000,99.490000,896.300000,113.220000,896.400000,106.540000,896.500000,198.510000,896.600000,112.600000,896.700000,136.700000,896.800000,92.870000,896.900000,152.470000,897.000000,33.040000
1764326090081,261590358536,896.000000,6.100000,895.900000,118.630000,895.800000,170.040000,895.700000,182.200000,895.600000,228.440000,895.500000,250.540000,895.400000,229.820000,895.300000,120.960000,895.200000,176.240000,895.100000,27.760000,896.100000,173.140000,896.200000,99.490000,896.300000,113.220000,896.400000,106.540000,896.500000,198.510000,896.600000,112.600000,896.700000,136.700000,896.800000,92.870000,896.900000,143.960000,897.000000,32.590000
1764326090365,261590365100,896.000000,6.230000,895.900000,118.630000,895.800000,170.040000,895.700000,182.200000,895.600000,228.440000,895.500000,250.540000,895.400000,229.820000,895.300000,120.960000,895.200000,126.470000,895.100000,27.760000,896.100000,173.150000,896.200000,99.490000,896.300000,114.100000,896.400000,106.540000,896.500000,198.510000,896.600000,112.600000,896.700000,136.700000,896.800000,92.850000,896.900000,143.960000,897.000000,32.590000
1764326090616,261590371062,896.000000,6.310000,895.900000,118.630000,895.800000,170.040000,895.700000,182.200000,895.600000,228.440000,895.500000,250.540000,895.400000,229.820000,895.300000,120.960000,895.200000,136.360000,895.100000,77.530000,896.100000,173.170000,896.200000,99.490000,896.300000,114.100000,896.400000,106.540000,896.500000,198.510000,896.600000,112.600000,896.700000,136.700000,896.800000,92.870000,896.900000,143.960000,897.000000,32.590000
1764326090914,261590376805,896.000000,5.950000,895.900000,118.630000,895.800000,170.040000,895.700000,182.200000,895.600000,228.440000,895.500000,250.540000,895.400000,229.820000,895.300000,120.960000,895.200000,136.360000,895.100000,77.530000,896.100000,173.140000,896.200000,99.490000,896.300000,114.100000,896.400000,106.540000,896.500000,198.510000,896.600000,112.600000,896.700000,136.700000,896.800000,92.870000,896.900000,143.960000,897.000000,32.590000
1764326091165,261590383125,896.000000,7.200000,895.900000,118.630000,895.800000,170.040000,895.700000,182.200000,895.600000,228.440000,895.500000,250.540000,895.400000,229.820000,895.300000,120.960000,895.200000,91.080000,895.100000,122.810000,896.100000,172.650000,896.200000,99.490000,896.300000,114.100000,896.400000,106.540000,896.500000,198.510000,896.600000,112.600000,896.700000,136.700000,896.800000,92.880000,896.900000,152.460000,897.000000,32.590000
1764326091419,261590387550,896.000000,6.150000,895.900000,134.520000,895.800000,170.040000,895.700000,182.200000,895.600000,228.440000,895.500000,250.540000,895.400000,229.820000,895.300000,120.960000,895.200000,91.080000,895.100000,122.810000,896.100000,173.220000,896.200000,99.490000,896.300000,114.100000,896.400000,106.540000,896.500000,198.510000,896.600000,112.600000,896.700000,136.700000,896.800000,92.880000,896.900000,152.460000,897.000000,32.590000
1764326091702,261590393026,896.000000,5.940000,895.900000,134.520000,895.800000,170.040000,895.700000,182.200000,895.600000,228.440000,895.500000,250.540000,895.400000,229.820000,895.300000,120.960000,895.200000,91.080000,895.100000,122.810000,896.100000,173.300000,896.200000,99.490000,896.300000,114.100000,896.400000,106.540000,896.500000,198.510000,896.600000,112.600000,896.700000,136.700000,896.800000,92.880000,896.900000,152.460000,897.000000,32.590000
1764326091992,261590399028,896.000000,6.400000,895.900000,134.520000,895.800000,170.040000,895.700000,182.200000,895.600000,228.440000,895.500000,250.540000,895.400000,229.820000,895.300000,120.960000,895.200000,91.080000,895.100000,122.810000,896.100000,172.900000,896.200000,99.490000,896.300000,114.100000,896.400000,106.540000,896.500000,198.510000,896.600000,112.600000,896.700000,136.700000,896.800000,92.880000,896.900000,152.460000,897.000000,32.590000
1764326092256,261590403657,896.000000,6.120000,895.900000,134.520000,895.800000,170.040000,895.700000,182.200000,895.600000,228.440000,895.500000,250.540000,895.400000,229.820000,895.300000,120.960000,895.200000,103.340000,895.100000,122.810000,896.100000,172.530000,896.200000,99.490000,896.300000,114.100000,896.400000,106.540000,896.500000,198.510000,896.600000,112.600000,896.700000,136.700000,896.800000,92.880000,896.900000,152.460000,897.000000,32.590000
1764326092514,261590408264,896.000000,6.190000,895.900000,134.520000,895.800000,170.040000,895.700000,182.200000,895.600000,228.440000,895.500000,250.540000,895.400000,229.820000,895.300000,120.960000,895.200000,103.340000,895.100000,122.810000,896.100000,172.800000,896.200000,99.490000,896.300000,114.100000,896.400000,106.540000,896.500000,198.510000,896.600000,112.600000,896.700000,136.700000,896.800000,92.880000,896.900000,152.460000,897.000000,32.590000
1764326092775,261590415018,896.000000,6.230000,895.900000,102.590000,895.800000,206.520000,895.700000,182.200000,895.600000,228.440000,895.500000,250.540000,895.400000,229.820000,895.300000,120.960000,895.200000,103.340000,895.100000,122.810000,896.100000,171.700000,896.200000,99.490000,896.300000,114.100000,896.400000,106.540000,896.500000,198.510000,896.600000,112.600000,896.700000,136.700000,896.800000,92.880000,896.900000,152.460000,897.000000,32.590000
1764326093026,261590419618,896.000000,5.880000,895.900000,102.590000,895.800000,206.520000,895.700000,182.200000,895.600000,228.440000,895.500000,250.540000,895.400000,229.820000,895.300000,120.960000,895.200000,103.340000,895.100000,122.810000,896.100000,173.180000,896.200000,99.490000,896.300000,114.100000,896.400000,106.540000,896.500000,198.510000,896.600000,112.600000,896.700000,136.700000,896.800000,92.880000,896.900000,152.460000,897.000000,32.590000
1764326093315,261590426149,896.000000,6.010000,895.900000,102.590000,895.800000,206.520000,895.700000,182.200000,895.600000,228.440000,895.500000,250.540000,895.400000,229.820000,895.300000,120.960000,895.200000,103.340000,895.100000,122.810000,896.100000,172.730000,896.200000,99.490000,896.300000,114.100000,896.400000,106.540000,896.500000,198.510000,896.600000,112.600000,896.700000,136.700000,896.800000,92.880000,896.900000,152.460000,897.000000,32.590000
1764326093607,261590432484,896.000000,6.350000,895.900000,102.590000,895.800000,206.520000,895.700000,182.200000,895.600000,228.440000,895.500000,250.540000,895.400000,229.820000,895.300000,120.960000,895.200000,103.340000,895.100000,122.810000,896.100000,171.700000,896.200000,99.490000,896.300000,114.100000,896.400000,106.540000,896.500000,198.510000,896.600000,112.600000,896.700000,136.700000,896.800000,92.880000,896.900000,152.460000,897.000000,32.590000
1764326093857,261590439144,896.000000,6.040000,895.900000,110.460000,895.800000,206.520000,895.700000,182.200000,895.600000,228.440000,895.500000,250.540000,895.400000,229.820000,895.300000,120.960000,895.200000,103.340000,895.100000,122.810000,896.100000,172.910000,896.200000,99.490000,896.300000,114.100000,896.400000,106.540000,896.500000,198.510000,896.600000,112.600000,896.700000,136.700000,896.800000,92.880000,896.900000,152.460000,897.000000,32.590000
1764326094147,261590446277,896.000000,5.950000,895.900000,110.460000,895.800000,206.520000,895.700000,182.200000,895.600000,228.440000,895.500000,250.540000,895.400000,229.820000,895.300000,120.960000,895.200000,103.340000,895.100000,122.810000,896.100000,172.610000,896.200000,99.490000,896.300000,114.100000,896.400000,106.540000,896.500000,198.510000,896.600000,112.600000,896.700000,136.700000,896.800000,92.880000,896.900000,152.460000,897.000000,32.590000
1764326094415,261590451014,896.000000,6.000000,895.900000,109.070000,895.800000,207.910000,895.700000,182.200000,895.600000,228.440000,895.500000,250.540000,895.400000,229.820000,895.300000,120.960000,895.200000,103.340000,895.100000,122.810000,896.100000,172.820000,896.200000,99.490000,896.300000,114.100000,896.400000,106.540000,896.500000,198.510000,896.600000,112.600000,896.700000,136.700000,896.800000,92.880000,896.900000,152.460000,897.000000,32.590000
1764326094687,261590457139,896.000000,6.330000,895.900000,109.070000,895.800000,207.910000,895.700000,182.200000,895.600000,228.440000,895.500000,250.540000,895.400000,229.820000,895.300000,120.960000,895.200000,103.340000,895.100000,122.810000,896.100000,172.920000,896.200000,99.490000,896.300000,114.100000,896.400000,106.540000,896.500000,198.510000,896.600000,112.600000,896.700000,136.700000,896.800000,92.880000,896.900000,152.460000,897.000000,32.590000
1764326094957,261590462902,895.900000,88.020000,895.800000,199.210000,895.700000,182.200000,895.600000,233.700000,895.500000,254.980000,895.400000,229.820000,895.300000,120.960000,895.200000,103.340000,895.100000,122.810000,895.000000,120.130000,896.000000,52.850000,896.100000,150.130000,896.200000,106.390000,896.300000,114.100000,896.400000,106.540000,896.500000,189.990000,896.600000,112.600000,896.700000,136.700000,896.800000,92.880000,896.900000,152.460000
1764326095226,261590467687,895.900000,87.470000,895.800000,199.210000,895.700000,182.200000,895.600000,233.700000,895.500000,254.980000,895.400000,229.820000,895.300000,120.960000,895.200000,103.340000,895.100000,122.810000,895.000000,120.130000,896.000000,52.900000,896.100000,150.130000,896.200000,106.390000,896.300000,114.100000,896.400000,106.540000,896.500000,189.990000,896.600000,112.600000,896.700000,136.700000,896.800000,92.880000,896.900000,152.460000
1764326095481,261590474300,895.900000,88.260000,895.800000,199.210000,895.700000,182.200000,895.600000,233.700000,895.500000,254.980000,895.400000,229.820000,895.300000,120.960000,895.200000,103.540000,895.100000,122.810000,895.000000,120.130000,896.000000,52.800000,896.100000,150.130000,896.200000,106.390000,896.300000,114.100000,896.400000,106.540000,896.500000,189.990000,896.600000,112.600000,896.700000,137.810000,896.800000,91.770000,896.900000,152.460000
1764326095775,261590478753,895.900000,88.390000,895.800000,199.210000,895.700000,182.200000,895.600000,233.700000,895.500000,254.980000,895.400000,229.820000,895.300000,120.960000,895.200000,103.540000,895.100000,122.810000,895.000000,120.130000,896.000000,53.040000,896.100000,150.130000,896.200000,106.390000,896.300000,114.100000,896.400000,106.540000,896.500000,189.990000,896.600000,112.600000,896.700000,137.810000,896.800000,91.770000,896.900000,152.460000
1764326096028,261590484264,895.900000,88.400000,895.800000,199.210000,895.700000,182.200000,895.600000,233.700000,895.500000,254.980000,895.400000,229.820000,895.300000,120.960000,895.200000,103.540000,895.100000,122.810000,895.000000,120.130000,896.000000,53.020000,896.100000,150.130000,896.200000,106.390000,896.300000,114.100000,896.400000,106.540000,896.500000,189.990000,896.600000,112.600000,896.700000,137.810000,896.800000,91.770000,896.900000,152.460000
1764326096283,261590489337,895.900000,88.750000,895.800000,199.210000,895.700000,182.200000,895.600000,233.700000,895.500000,254.980000,895.400000,229.820000,895.300000,120.960000,895.200000,136.560000,895.100000,77.530000,895.000000,120.130000,896.000000,53.190000,896.100000,150.130000,896.200000,106.390000,896.300000,114.100000,896.400000,106.540000,896.500000,189.990000,896.600000,112.600000,896.700000,137.810000,896.800000,91.770000,896.900000,152.460000
1764326096575,261590494836,895.900000,87.830000,895.800000,199.210000,895.700000,182.200000,895.600000,233.700000,895.500000,254.980000,895.400000,229.820000,895.300000,120.960000,895.200000,136.560000,895.100000,77.530000,895.000000,120.130000,896.000000,53.540000,896.100000,150.130000,896.200000,106.390000,896.300000,114.100000,896.400000,106.540000,896.500000,189.990000,896.600000,112.600000,896.700000,137.810000,896.800000,91.770000,896.900000,152.460000
1764326096825,261590499190,895.900000,89.000000,895.800000,199.210000,895.700000,182.200000,895.600000,233.700000,895.500000,254.980000,895.400000,229.820000,895.300000,120.960000,895.200000,136.560000,895.100000,77.530000,895.000000,120.130000,896.000000,52.540000,896.100000,150.130000,896.200000,106.390000,896.300000,114.100000,896.400000,106.540000,896.500000,189.990000,896.600000,112.600000,896.700000,137.810000,896.800000,91.770000,896.900000,152.460000
1764326097110,261590504963,895.900000,89.280000,895.800000,199.210000,895.700000,182.200000,895.600000,233.700000,895.500000,254.980000,895.400000,229.820000,895.300000,120.960000,895.200000,136.560000,895.100000,77.530000,895.000000,120.130000,896.000000,52.860000,896.100000,150.130000,896.200000,106.390000,896.300000,114.100000,896.400000,106.540000,896.500000,189.990000,896.600000,112.600000,896.700000,137.810000,896.800000,91.770000,896.900000,152.460000
1764326097373,261590509510,895.900000,89.270000,895.800000,199.210000,895.700000,182.200000,895.600000,233.700000,895.500000,254.980000,895.400000,229.820000,895.300000,120.960000,895.200000,136.560000,895.100000,77.530000,895.000000,120.130000,896.000000,52.710000,896.100000,150.130000,896.200000,106.390000,896.300000,114.100000,896.400000,106.540000,896.500000,189.990000,896.600000,112.600000,896.700000,137.810000,896.800000,91.770000,896.900000,152.460000
1764326097642,261590514630,895.900000,88.570000,895.800000,199.210000,895.700000,182.200000,895.600000,233.700000,895.500000,254.980000,895.400000,229.820000,895.300000,120.960000,895.200000,136.560000,895.100000,77.530000,895.000000,120.130000,896.000000,53.110000,896.100000,150.130000,896.200000,106.390000,896.300000,114.100000,896.400000,106.540000,896.500000,189.990000,896.600000,112.600000,896.700000,137.810000,896.800000,91.770000,896.900000,152.460000
1764326097899,261590525565,895.800000,146.310000,895.700000,130.560000,895.600000,167.240000,895.500000,182.270000,895.400000,236.140000,895.300000,138.490000,895.200000,236.860000,895.100000,155.690000,895.000000,120.130000,894.900000,14.270000,895.900000,53.870000,896.000000,49.170000,896.100000,150.130000,896.200000,125.360000,896.300000,107.650000,896.400000,104.110000,896.500000,189.990000,896.600000,112.600000,896.700000,117.010000,896.800000,89.750000
1764326098149,261590534617,895.800000,35.250000,895.700000,116.980000,895.600000,206.260000,895.500000,183.610000,895.400000,168.460000,895.300000,138.490000,895.200000,298.960000,895.100000,200.810000,895.000000,176.950000,894.900000,14.270000,895.900000,104.780000,896.000000,28.180000,896.100000,113.850000,896.200000,164.900000,896.300000,105.620000,896.400000,119.240000,896.500000,189.280000,896.600000,130.600000,896.700000,112.290000,896.800000,70.630000
1764326098410,261590542684,895.800000,15.540000,895.700000,118.370000,895.600000,206.260000,895.500000,183.610000,895.400000,168.460000,895.300000,138.490000,895.200000,298.960000,895.100000,200.810000,895.000000,176.950000,894.900000,14.270000,895.900000,104.040000,896.000000,34.340000,896.100000,130.870000,896.200000,158.740000,896.300000,105.620000,896.400000,119.240000,896.500000,189.280000,896.600000,130.600000,896.700000,112.290000,896.800000,70.630000
1764326098700,261590548743,895.800000,12.600000,895.700000,119.480000,895.600000,170.590000,895.500000,219.850000,895.400000,168.460000,895.300000,138.490000,895.200000,298.960000,895.100000,201.250000,895.000000,200.220000,894.900000,92.430000,895.900000,103.510000,896.000000,34.340000,896.100000,130.870000,896.200000,159.160000,896.300000,107.010000,896.400000,119.240000,896.500000,189.280000,896.600000,130.600000,896.700000,112.290000,896.800000,70.630000
1764326098953,261590556793,895.700000,88.030000,895.600000,170.020000,895.500000,178.990000,895.400000,214.820000,895.300000,143.310000,895.200000,298.960000,895.100000,201.250000,895.000000,200.220000,894.900000,90.980000,894.800000,45.110000,895.800000,61.130000,895.900000,45.850000,896.000000,39.280000,896.100000,130.250000,896.200000,149.110000,896.300000,144.440000,896.400000,100.550000,896.500000,151.580000,896.600000,130.600000,896.700000,133.400000
1764326099212,261590565296,895.700000,7.030000,895.600000,168.060000,895.500000,145.920000,895.400000,230.400000,895.300000,146.660000,895.200000,298.960000,895.100000,151.480000,895.000000,200.220000,894.900000,146.860000,894.800000,61.860000,895.800000,61.040000,895.900000,49.450000,896.000000,39.280000,896.100000,130.440000,896.200000,149.110000,896.300000,144.440000,896.400000,100.550000,896.500000,151.580000,896.600000,130.630000,896.700000,133.400000
1764326099480,261590572708,895.700000,6.080000,895.600000,169.170000,895.500000,186.770000,895.400000,189.540000,895.300000,146.660000,895.200000,235.680000,895.100000,151.480000,895.000000,200.660000,894.900000,164.860000,894.800000,85.530000,895.800000,60.020000,895.900000,49.450000,896.000000,42.630000,896.100000,130.860000,896.200000,150.500000,896.300000,144.440000,896.400000,100.550000,896.500000,151.580000,896.600000,145.350000,896.700000,133.400000
1764326099748,261590578422,895.700000,6.100000,895.600000,169.170000,895.500000,218.330000,895.400000,153.860000,895.300000,146.660000,895.200000,235.680000,895.100000,151.480000,895.000000,200.660000,894.900000,164.860000,894.800000,85.530000,895.800000,59.960000,895.900000,49.450000,896.000000,42.630000,896.100000,130.860000,896.200000,150.500000,896.300000,144.440000,896.400000,100.550000,896.500000,151.590000,896.600000,145.350000,896.700000,133.400000
1764326099999,261590583512,895.700000,6.150000,895.600000,169.170000,895.500000,218.330000,895.400000,153.860000,895.300000,146.660000,895.200000,235.680000,895.100000,151.480000,895.000000,200.660000,894.900000,210.140000,894.800000,85.530000,895.800000,60.340000,895.900000,49.450000,896.000000,42.630000,896.100000,132.120000,896.200000,150.500000,896.300000,144.440000,896.400000,100.990000,896.500000,151.590000,896.600000,145.350000,896.700000,133.400000
1764326100249,261590594676,895.600000,6.690000,895.500000,21.400000,895.400000,165.280000,895.300000,189.670000,895.200000,95.350000,895.100000,151.480000,895.000000,243.550000,894.900000,299.210000,894.800000,129.730000,894.700000,114.670000,895.700000,154.460000,895.800000,119.800000,895.900000,114.550000,896.000000,136.860000,896.100000,108.140000,896.200000,107.340000,896.300000,141.580000,896.400000,118.990000,896.500000,169.590000,896.600000,110.600000
1764326100500,261590605461,895.500000,24.700000,895.400000,163.380000,895.300000,175.300000,895.200000,219.880000,895.100000,188.490000,895.000000,323.040000,894.900000,299.210000,894.800000,112.980000,894.700000,131.340000,894.600000,63.280000,895.600000,51.090000,895.700000,140.340000,895.800000,84.490000,895.900000,114.550000,896.000000,131.300000,896.100000,168.140000,896.200000,107.340000,896.300000,102.760000,896.400000,118.990000,896.500000,159.310000
1764326100779,261590615710,895.500000,24.370000,895.400000,163.380000,895.300000,175.300000,895.200000,220.300000,895.100000,188.490000,895.000000,323.040000,894.900000,299.210000,894.800000,113.380000,894.700000,131.340000,894.600000,63.280000,895.600000,50.960000,895.700000,140.340000,895.800000,84.490000,895.900000,114.550000,896.000000,130.760000,896.100000,168.140000,896.200000,107.340000,896.300000,104.750000,896.400000,118.990000,896.500000,158.200000
1764326101067,261590624692,895.500000,39.740000,895.400000,150.480000,895.300000,143.740000,895.200000,220.300000,895.100000,188.490000,895.000000,323.040000,894.900000,299.210000,894.800000,113.380000,894.700000,131.340000,894.600000,63.280000,895.600000,40.560000,895.700000,140.340000,895.800000,84.490000,895.900000,114.550000,896.000000,130.760000,896.100000,168.140000,896.200000,107.340000,896.300000,104.750000,896.400000,118.990000,896.500000,158.200000
1764326101317,261590631810,895.500000,28.630000,895.400000,160.470000,895.300000,179.450000,895.200000,220.300000,895.100000,188.490000,895.000000,323.040000,894.900000,299.210000,894.800000,113.380000,894.700000,131.340000,894.600000,63.280000,895.600000,41.950000,895.700000,140.340000,895.800000,84.490000,895.900000,114.550000,896.000000,144.090000,896.100000,168.140000,896.200000,107.340000,896.300000,104.750000,896.400000,118.990000,896.500000,158.200000
1764326101578,261590638668,895.500000,24.530000,895.400000,160.470000,895.300000,179.450000,895.200000,220.300000,895.100000,188.490000,895.000000,323.040000,894.900000,299.210000,894.800000,113.380000,894.700000,131.340000,894.600000,63.280000,895.600000,41.240000,895.700000,140.340000,895.800000,84.490000,895.900000,115.030000,896.000000,144.090000,896.100000,168.140000,896.200000,107.340000,896.300000,104.750000,896.400000,118.990000,896.500000,163.000000
1764326101844,261590649515,895.500000,14.770000,895.400000,133.010000,895.300000,146.860000,895.200000,198.410000,895.100000,189.740000,895.000000,283.490000,894.900000,294.550000,894.800000,169.680000,894.700000,181.130000,894.600000,63.280000,895.600000,81.250000,895.700000,112.790000,895.800000,124.040000,895.900000,130.280000,896.000000,148.820000,896.100000,168.140000,896.200000,124.920000,896.300000,122.750000,896.400000,101.630000,896.500000,99.880000
1764326102098,261590657857,895.500000,14.240000,895.400000,133.010000,895.300000,145.240000,895.200000,198.410000,895.100000,189.740000,895.000000,283.490000,894.900000,294.550000,894.800000,168.820000,894.700000,181.130000,894.600000,63.280000,895.600000,80.710000,895.700000,112.790000,895.800000,124.040000,895.900000,130.280000,896.000000,148.820000,896.100000,168.140000,896.200000,124.920000,896.300000,122.750000,896.400000,101.630000,896.500000,99.880000
1764326102360,261590665566,895.500000,14.910000,895.300000,112.670000,895.200000,166.650000,895.100000,184.150000,895.000000,326.930000,894.900000,231.270000,894.800000,129.990000,894.700000,163.130000,894.600000,184.200000,894.500000,85.360000,895.600000,143.220000,895.700000,116.560000,895.800000,117.880000,895.900000,169.120000,896.000000,148.820000,896.100000,127.440000,896.200000,124.920000,896.300000,145.400000,896.400000,179.920000,896.500000,98.840000
1764326102614,261590672688,895.500000,14.780000,895.300000,114.060000,895.200000,171.430000,895.100000,184.150000,895.000000,327.350000,894.900000,231.270000,894.800000,129.990000,894.700000,163.130000,894.600000,184.200000,894.500000,85.360000,895.600000,142.650000,895.700000,117.300000,895.800000,117.880000,895.900000,169.120000,896.000000,148.820000,896.100000,128.950000,896.200000,124.910000,896.300000,145.400000,896.400000,179.920000,896.500000,98.840000
1764326102900,261590685284,895.500000,14.180000,895.300000,4.820000,895.200000,8.000000,895.100000,8.370000,895.000000,229.440000,894.900000,188.270000,894.800000,90.440000,894.700000,95.340000,894.600000,262.940000,894.500000,130.480000,895.600000,182.790000,895.700000,128.770000,895.800000,78.330000,895.900000,169.120000,896.000000,166.820000,896.100000,147.090000,896.200000,121.630000,896.300000,127.400000,896.400000,165.160000,896.500000,98.840000
1764326103151,261590696560,895.100000,85.630000,895.000000,217.960000,894.900000,178.170000,894.800000,173.040000,894.700000,167.220000,894.600000,273.570000,894.500000,130.480000,894.400000,202.680000,894.300000,148.380000,894.200000,13.890000,895.200000,39.230000,895.300000,40.300000,895.400000,120.020000,895.500000,50.520000,895.600000,174.750000,895.700000,115.450000,895.800000,91.310000,895.900000,160.090000,896.000000,166.860000,896.100000,145.300000
1764326103401,261590706474,895.100000,86.560000,895.000000,199.800000,894.900000,213.110000,894.800000,173.040000,894.700000,167.880000,894.600000,273.570000,894.500000,130.480000,894.400000,202.680000,894.300000,148.380000,894.200000,13.890000,895.200000,59.000000,895.300000,21.070000,895.400000,101.680000,895.500000,55.890000,895.600000,170.830000,895.700000,111.660000,895.800000,85.760000,895.900000,158.380000,896.000000,165.470000,896.100000,145.300000
1764326103660,261590714400,895.100000,86.250000,895.000000,234.740000,894.900000,178.170000,894.800000,173.040000,894.700000,167.880000,894.600000,273.570000,894.500000,130.480000,894.400000,202.680000,894.300000,148.380000,894.200000,13.890000,895.200000,58.930000,895.300000,21.070000,895.400000,101.680000,895.500000,56.310000,895.600000,170.830000,895.700000,111.660000,895.800000,85.760000,895.900000,158.380000,896.000000,165.470000,896.100000,145.300000
1764326103960,261590721932,895.100000,86.880000,895.000000,234.740000,894.900000,178.170000,894.800000,173.040000,894.700000,167.880000,894.600000,273.570000,894.500000,130.480000,894.400000,203.560000,894.300000,148.380000,894.200000,13.890000,895.200000,70.940000,895.300000,21.070000,895.400000,101.680000,895.500000,56.310000,895.600000,170.830000,895.700000,111.660000,895.800000,85.760000,895.900000,158.380000,896.000000,165.470000,896.100000,145.300000
1764326104215,261590730036,895.100000,16.470000,895.000000,234.740000,894.900000,178.170000,894.800000,173.040000,894.700000,167.880000,894.600000,228.290000,894.500000,130.480000,894.400000,248.860000,894.300000,148.510000,894.200000,13.890000,895.200000,58.670000,895.300000,21.070000,895.400000,101.680000,895.500000,56.850000,895.600000,170.830000,895.700000,107.320000,895.800000,85.760000,895.900000,158.510000,896.000000,165.470000,896.100000,145.300000
1764326104465,261590737642,895.100000,9.870000,895.000000,234.740000,894.900000,178.170000,894.800000,173.040000,894.700000,167.880000,894.600000,228.290000,894.500000,184.680000,894.400000,248.860000,894.300000,148.510000,894.200000,13.890000,895.200000,27.390000,895.300000,55.580000,895.400000,90.140000,895.500000,57.270000,895.600000,170.830000,895.700000,107.320000,895.800000,85.760000,895.900000,158.510000,896.000000,165.470000,896.100000,145.300000
1764326104738,261590745040,895.100000,44.750000,895.000000,199.800000,894.900000,178.170000,894.800000,173.040000,894.700000,167.880000,894.600000,228.290000,894.500000,184.680000,894.400000,248.860000,894.300000,148.510000,894.200000,13.890000,895.200000,29.200000,895.300000,55.580000,895.400000,90.140000,895.500000,58.110000,895.600000,170.830000,895.700000,107.320000,895.800000,85.760000,895.900000,158.510000,896.000000,165.470000,896.100000,145.300000
1764326105010,261590752854,895.100000,44.950000,895.000000,199.800000,894.900000,178.170000,894.800000,173.040000,894.700000,167.880000,894.600000,228.290000,894.500000,184.680000,894.400000,248.860000,894.300000,148.510000,894.200000,13.890000,895.200000,29.650000,895.300000,55.580000,895.400000,90.140000,895.500000,58.110000,895.600000,170.830000,895.700000,107.320000,895.800000,85.760000,895.900000,158.510000,896.000000,165.470000,896.100000,145.300000
1764326105273,261590760590,895.100000,45.230000,895.000000,199.800000,894.900000,178.170000,894.800000,173.040000,894.700000,167.880000,894.600000,228.290000,894.500000,184.680000,894.400000,248.860000,894.300000,148.510000,894.200000,13.890000,895.200000,29.060000,895.300000,55.580000,895.400000,90.140000,895.500000,58.650000,895.600000,170.830000,895.700000,107.320000,895.800000,85.760000,895.900000,158.510000,896.000000,165.470000,896.100000,145.300000
1764326105580,261590768673,895.100000,44.940000,895.000000,199.800000,894.900000,178.170000,894.800000,173.040000,894.700000,167.880000,894.600000,228.290000,894.500000,184.680000,894.400000,248.860000,894.300000,148.510000,894.200000,13.890000,895.200000,23.600000,895.300000,52.560000,895.400000,90.140000,895.500000,58.650000,895.600000,170.830000,895.700000,107.320000,895.800000,85.760000,895.900000,158.510000,896.000000,165.470000,896.100000,145.300000
1764326105867,261590779223,895.100000,141.990000,895.000000,194.850000,894.900000,137.290000,894.800000,173.040000,894.700000,167.880000,894.600000,188.720000,894.500000,184.680000,894.400000,192.680000,894.300000,70.350000,894.200000,13.890000,895.200000,6.840000,895.300000,1.390000,895.400000,121.630000,895.500000,57.390000,895.600000,113.030000,895.700000,113.130000,895.800000,85.760000,895.900000,158.030000,896.000000,165.470000,896.100000,145.300000
1764326106117,261590787988,895.200000,70.900000,895.100000,177.240000,895.000000,201.500000,894.900000,176.840000,894.800000,167.540000,894.700000,198.630000,894.600000,248.210000,894.500000,106.520000,894.400000,192.680000,894.300000,70.350000,895.300000,1.110000,895.400000,120.960000,895.500000,32.910000,895.600000,113.030000,895.700000,113.130000,895.800000,108.780000,895.900000,197.580000,896.000000,165.470000,896.100000,145.300000,896.200000,121.650000
1764326106412,261590797072,895.200000,112.600000,895.100000,177.240000,895.000000,201.500000,894.900000,176.840000,894.800000,167.540000,894.700000,198.630000,894.600000,248.210000,894.500000,106.520000,894.400000,192.680000,894.300000,70.350000,895.300000,1.110000,895.400000,121.660000,895.500000,32.910000,895.600000,113.030000,895.700000,113.130000,895.800000,108.780000,895.900000,197.580000,896.000000,166.350000,896.100000,145.740000,896.200000,121.650000
1764326106664,261590804079,895.200000,111.970000,895.100000,177.240000,895.000000,201.500000,894.900000,176.840000,894.800000,167.540000,894.700000,198.630000,894.600000,248.210000,894.500000,106.520000,894.400000,192.680000,894.300000,70.350000,895.300000,1.110000,895.400000,120.390000,895.500000,32.910000,895.600000,113.030000,895.700000,113.130000,895.800000,108.780000,895.900000,197.580000,896.000000,166.350000,896.100000,145.740000,896.200000,121.650000
1764326106915,261590810705,895.200000,112.640000,895.100000,177.240000,895.000000,201.500000,894.900000,176.840000,894.800000,167.540000,894.700000,198.630000,894.600000,248.210000,894.500000,106.520000,894.400000,192.680000,894.300000,70.350000,895.300000,1.110000,895.400000,121.400000,895.500000,32.910000,895.600000,113.030000,895.700000,113.130000,895.800000,108.780000,895.900000,197.580000,896.000000,166.350000,896.100000,145.740000,896.200000,121.650000
1764326107187,261590818724,895.200000,112.930000,895.100000,177.240000,895.000000,201.500000,894.900000,177.260000,894.800000,167.540000,894.700000,198.630000,894.600000,248.210000,894.500000,106.520000,894.400000,192.680000,894.300000,70.350000,895.300000,1.110000,895.400000,121.490000,895.500000,32.910000,895.600000,113.030000,895.700000,113.130000,895.800000,108.780000,895.900000,197.580000,896.000000,167.460000,896.100000,145.770000,896.200000,121.650000
