unix_timestamp_ms,lastUpdateId,bid_price_0,bid_qty_0,bid_price_1,bid_qty_1,bid_price_2,bid_qty_2,bid_price_3,bid_qty_3,bid_price_4,bid_qty_4,bid_price_5,bid_qty_5,bid_price_6,bid_qty_6,bid_price_7,bid_qty_7,bid_price_8,bid_qty_8,bid_price_9,bid_qty_9,ask_price_0,ask_qty_0,ask_price_1,ask_qty_1,ask_price_2,ask_qty_2,ask_price_3,ask_qty_3,ask_price_4,ask_qty_4,ask_price_5,ask_qty_5,ask_price_6,ask_qty_6,ask_price_7,ask_qty_7,ask_price_8,ask_qty_8,ask_price_9,ask_qty_9
1764326046083,261589190068,3054.200000,200.128000,3054.100000,33.753000,3054.000000,90.188000,3053.900000,44.838000,3053.800000,147.197000,3053.700000,65.103000,3053.600000,162.012000,3053.500000,2.005000,3053.400000,77.291000,3053.300000,85.555000,3054.300000,34.171000,3054.400000,15.188000,3054.500000,50.763000,3054.600000,61.869000,3054.700000,39.290000,3054.800000,67.623000,3054.900000,64.847000,3055.000000,113.517000,3055.100000,12.123000,3055.200000,147.189000
1764326050426,261589332424,3054.600000,316.095000,3054.500000,101.057000,3054.400000,99.900000,3054.300000,54.032000,3054.200000,121.471000,3054.100000,54.123000,3054.000000,158.893000,3053.900000,17.690000,3053.800000,156.399000,3053.700000,182.061000,3054.700000,12.862000,3054.800000,0.042000,3054.900000,34.273000,3055.000000,170.049000,3055.100000,30.360000,3055.200000,63.977000,3055.300000,38.065000,3055.400000,25.794000,3055.500000,61.169000,3055.600000,25.042000
1764326050677,261589339723,3054.600000,306.056000,3054.500000,101.057000,3054.400000,99.900000,3054.300000,71.491000,3054.200000,136.130000,3054.100000,54.123000,3054.000000,65.594000,3053.900000,110.989000,3053.800000,23.251000,3053.700000,182.389000,3054.700000,12.862000,3054.800000,0.042000,3054.900000,35.381000,3055.000000,170.070000,3055.100000,46.816000,3055.200000,47.521000,3055.300000,22.657000,3055.400000,53.253000,3055.500000,61.169000,3055.600000,12.950000
1764326050928,261589346160,3054.600000,313.136000,3054.500000,101.057000,3054.400000,99.900000,3054.300000,84.989000,3054.200000,136.193000,3054.100000,250.580000,3054.000000,69.212000,3053.900000,110.989000,3053.800000,23.251000,3053.700000,182.389000,3054.700000,12.862000,3054.800000,0.042000,3054.900000,34.662000,3055.000000,170.133000,3055.100000,46.816000,3055.200000,47.521000,3055.300000,54.754000,3055.400000,21.156000,3055.500000,66.601000,3055.600000,4.351000
1764326051185,261589353690,3054.800000,109.979000,3054.700000,113.965000,3054.600000,143.924000,3054.500000,83.496000,3054.400000,34.672000,3054.300000,72.441000,3054.200000,131.012000,3054.100000,250.580000,3054.000000,69.212000,3053.900000,66.795000,3054.900000,34.988000,3055.000000,130.211000,3055.100000,46.816000,3055.200000,47.521000,3055.300000,54.754000,3055.400000,21.156000,3055.500000,66.601000,3055.600000,23.887000,3055.700000,54.734000,3055.800000,5.244000
1764326051435,261589361202,3054.800000,177.633000,3054.700000,22.231000,3054.600000,115.037000,3054.500000,83.496000,3054.400000,34.672000,3054.300000,9.838000,3054.200000,135.944000,3054.100000,98.317000,3054.000000,266.530000,3053.900000,66.795000,3054.900000,16.201000,3055.000000,130.232000,3055.100000,79.465000,3055.200000,47.521000,3055.300000,38.065000,3055.400000,21.156000,3055.500000,66.601000,3055.600000,6.031000,3055.700000,5.629000,3055.800000,49.438000
1764326051685,261589369516,3054.800000,179.697000,3054.700000,17.544000,3054.600000,88.033000,3054.500000,144.714000,3054.400000,34.672000,3054.300000,58.943000,3054.200000,54.742000,3054.100000,54.123000,3054.000000,130.851000,3053.900000,84.254000,3054.900000,38.672000,3055.000000,147.174000,3055.100000,79.465000,3055.200000,65.372000,3055.300000,32.189000,3055.400000,9.106000,3055.500000,66.601000,3055.600000,55.364000,3055.700000,5.629000,3055.800000,201.918000
1764326051935,261589376933,3054.800000,158.856000,3054.700000,31.729000,3054.600000,88.033000,3054.500000,100.604000,3054.400000,49.258000,3054.300000,58.943000,3054.200000,86.839000,3054.100000,85.228000,3054.000000,54.560000,3053.900000,128.448000,3054.900000,33.845000,3055.000000,147.174000,3055.100000,97.317000,3055.200000,47.521000,3055.300000,32.273000,3055.400000,22.778000,3055.500000,66.601000,3055.600000,38.036000,3055.700000,5.629000,3055.800000,49.765000
1764326052190,261589383714,3054.800000,170.622000,3054.700000,31.728000,3054.600000,88.030000,3054.500000,144.817000,3054.400000,5.064000,3054.300000,23.267000,3054.200000,103.844000,3054.100000,117.325000,3054.000000,54.560000,3053.900000,110.984000,3054.900000,36.774000,3055.000000,147.174000,3055.100000,79.462000,3055.200000,65.372000,3055.300000,32.553000,3055.400000,22.778000,3055.500000,68.505000,3055.600000,38.036000,3055.700000,5.629000,3055.800000,327.309000
1764326052440,261589390508,3054.800000,158.856000,3054.700000,31.951000,3054.600000,88.030000,3054.500000,144.901000,3054.400000,5.064000,3054.300000,23.267000,3054.200000,103.844000,3054.100000,161.517000,3054.000000,54.560000,3053.900000,17.690000,3054.900000,36.666000,3055.000000,147.174000,3055.100000,79.462000,3055.200000,65.372000,3055.300000,32.637000,3055.400000,22.778000,3055.500000,68.505000,3055.600000,38.036000,3055.700000,5.629000,3055.800000,283.117000
1764326052695,261589398176,3054.800000,150.171000,3054.700000,33.292000,3054.600000,82.467000,3054.500000,100.793000,3054.400000,5.064000,3054.300000,67.459000,3054.200000,109.407000,3054.100000,85.228000,3054.000000,54.560000,3053.900000,17.690000,3054.900000,44.519000,3055.000000,130.211000,3055.100000,129.411000,3055.200000,63.776000,3055.300000,44.816000,3055.400000,9.106000,3055.500000,18.881000,3055.600000,82.228000,3055.700000,37.726000,3055.800000,201.918000
1764326052953,261589405895,3054.800000,57.804000,3054.700000,115.968000,3054.600000,82.467000,3054.500000,83.858000,3054.400000,5.064000,3054.300000,54.030000,3054.200000,109.407000,3054.100000,54.123000,3054.000000,86.657000,3053.900000,17.690000,3054.900000,11.065000,3055.000000,130.211000,3055.100000,30.360000,3055.200000,21.858000,3055.300000,1.741000,3055.400000,9.106000,3055.500000,18.391000,3055.600000,38.036000,3055.700000,54.731000,3055.800000,5.571000
1764326053203,261589413671,3054.800000,17.611000,3054.700000,38.319000,3054.600000,82.467000,3054.500000,49.642000,3054.400000,152.384000,3054.300000,67.138000,3054.200000,110.392000,3054.100000,103.225000,3054.000000,54.560000,3053.900000,17.690000,3054.900000,70.675000,3055.000000,130.211000,3055.100000,62.457000,3055.200000,37.671000,3055.300000,44.620000,3055.400000,205.479000,3055.500000,17.065000,3055.600000,38.036000,3055.700000,131.020000,3055.800000,5.571000
1764326053456,261589424991,3054.900000,205.586000,3054.800000,172.349000,3054.700000,209.013000,3054.600000,76.680000,3054.500000,83.410000,3054.400000,1.291000,3054.300000,110.865000,3054.200000,84.155000,3054.100000,85.394000,3054.000000,102.981000,3055.000000,8.344000,3055.100000,0.002000,3055.200000,0.126000,3055.300000,0.428000,3055.400000,0.050000,3055.500000,49.102000,3055.600000,0.898000,3055.700000,3.099000,3055.800000,88.586000,3055.900000,134.782000
1764326053706,261589440640,3054.900000,182.352000,3054.800000,35.128000,3054.700000,0.014000,3054.600000,41.424000,3054.500000,82.915000,3054.400000,51.087000,3054.300000,50.433000,3054.200000,33.818000,3054.100000,53.297000,3054.000000,164.631000,3055.000000,24.614000,3055.100000,8.005000,3055.200000,49.228000,3055.300000,0.449000,3055.400000,178.891000,3055.500000,12.403000,3055.600000,18.685000,3055.700000,3.099000,3055.800000,57.864000,3055.900000,32.423000
1764326053956,261589449189,3054.900000,42.761000,3054.800000,42.763000,3054.700000,162.750000,3054.600000,38.894000,3054.500000,100.459000,3054.400000,47.304000,3054.300000,94.625000,3054.200000,30.864000,3054.100000,54.297000,3054.000000,47.984000,3055.000000,32.452000,3055.100000,192.401000,3055.200000,5.831000,3055.300000,50.335000,3055.400000,54.832000,3055.500000,61.931000,3055.600000,28.678000,3055.700000,3.099000,3055.800000,287.636000,3055.900000,81.525000
1764326054206,261589455750,3054.900000,159.597000,3054.800000,1.290000,3054.700000,64.539000,3054.600000,38.894000,3054.500000,35.527000,3054.400000,40.068000,3054.300000,53.475000,3054.200000,147.929000,3054.100000,103.397000,3054.000000,0.174000,3055.000000,32.859000,3055.100000,54.910000,3055.200000,117.852000,3055.300000,31.564000,3055.400000,101.584000,3055.500000,45.565000,3055.600000,16.624000,3055.700000,17.157000,3055.800000,64.100000,3055.900000,32.423000
1764326054456,261589463239,3054.900000,145.179000,3054.800000,19.874000,3054.700000,64.539000,3054.600000,25.574000,3054.500000,144.709000,3054.400000,40.068000,3054.300000,69.741000,3054.200000,54.184000,3054.100000,86.394000,3054.000000,49.274000,3055.000000,35.610000,3055.100000,50.739000,3055.200000,124.691000,3055.300000,31.606000,3055.400000,82.998000,3055.500000,45.665000,3055.600000,0.898000,3055.700000,7.735000,3055.800000,108.290000,3055.900000,38.473000
1764326054706,261589470052,3054.900000,129.421000,3054.800000,83.634000,3054.700000,0.530000,3054.600000,92.550000,3054.500000,35.569000,3054.400000,84.258000,3054.300000,19.755000,3054.200000,135.381000,3054.100000,55.184000,3054.000000,110.922000,3055.000000,34.949000,3055.100000,68.529000,3055.200000,162.042000,3055.300000,79.431000,3055.400000,47.256000,3055.500000,45.665000,3055.600000,0.898000,3055.700000,4.651000,3055.800000,91.287000,3055.900000,87.573000
1764326054956,261589477272,3054.900000,118.422000,3054.800000,0.774000,3054.700000,49.630000,3054.600000,39.201000,3054.500000,51.461000,3054.400000,30.377000,3054.300000,45.521000,3054.200000,93.760000,3054.100000,55.184000,3054.000000,60.744000,3055.000000,56.505000,3055.100000,157.443000,3055.200000,120.624000,3055.300000,0.554000,3055.400000,33.440000,3055.500000,1.475000,3055.600000,21.839000,3055.700000,79.544000,3055.800000,211.347000,3055.900000,87.573000
1764326055206,261589485923,3054.900000,1.749000,3054.800000,0.483000,3054.700000,0.014000,3054.600000,0.291000,3054.500000,24.989000,3054.400000,75.854000,3054.300000,45.080000,3054.200000,158.747000,3054.100000,121.144000,3054.000000,34.346000,3055.000000,328.624000,3055.100000,34.614000,3055.200000,18.098000,3055.300000,0.596000,3055.400000,40.015000,3055.500000,196.983000,3055.600000,67.029000,3055.700000,84.955000,3055.800000,176.127000,3055.900000,37.131000
1764326055456,261589493870,3054.700000,4.666000,3054.600000,15.025000,3054.500000,62.119000,3054.400000,119.630000,3054.300000,65.490000,3054.200000,93.223000,3054.100000,98.776000,3054.000000,34.346000,3053.900000,85.876000,3053.800000,102.752000,3054.800000,179.724000,3054.900000,38.875000,3055.000000,18.018000,3055.100000,33.395000,3055.200000,33.595000,3055.300000,20.278000,3055.400000,59.537000,3055.500000,0.616000,3055.600000,22.839000,3055.700000,3.758000
1764326055706,261589500585,3054.700000,4.666000,3054.600000,15.025000,3054.500000,60.676000,3054.400000,38.054000,3054.300000,99.628000,3054.200000,139.850000,3054.100000,98.776000,3054.000000,71.859000,3053.900000,4.679000,3053.800000,133.709000,3054.800000,170.613000,3054.900000,95.345000,3055.000000,99.215000,3055.100000,33.395000,3055.200000,35.337000,3055.300000,44.807000,3055.400000,59.613000,3055.500000,32.713000,3055.600000,67.029000,3055.700000,70.316000
1764326055956,261589508445,3054.700000,0.014000,3054.600000,1.637000,3054.500000,0.588000,3054.400000,13.124000,3054.200000,91.455000,3054.100000,51.550000,3054.000000,131.035000,3053.900000,4.744000,3053.800000,118.957000,3053.700000,87.753000,3054.800000,191.271000,3054.900000,218.913000,3055.000000,111.308000,3055.100000,33.495000,3055.200000,48.358000,3055.300000,78.252000,3055.400000,41.039000,3055.500000,0.516000,3055.600000,23.572000,3055.700000,114.332000
1764326056206,261589516901,3054.500000,0.588000,3054.400000,19.794000,3054.300000,55.925000,3054.200000,46.374000,3054.100000,149.778000,3054.000000,71.864000,3053.900000,63.835000,3053.800000,132.713000,3053.700000,87.753000,3053.600000,72.017000,3054.600000,67.073000,3054.700000,164.376000,3054.800000,32.388000,3054.900000,107.040000,3055.000000,75.302000,3055.100000,229.887000,3055.200000,1.540000,3055.300000,34.062000,3055.400000,41.039000,3055.500000,44.194000
1764326056457,261589523794,3054.500000,20.350000,3054.400000,25.238000,3054.300000,49.105000,3054.200000,33.901000,3054.100000,149.778000,3054.000000,147.534000,3053.900000,4.655000,3053.800000,83.608000,3053.700000,87.753000,3053.600000,5.453000,3054.600000,100.274000,3054.700000,191.547000,3054.800000,65.764000,3054.900000,44.194000,3055.000000,75.290000,3055.100000,229.887000,3055.200000,33.649000,3055.300000,1.965000,3055.400000,41.039000,3055.500000,44.194000
1764326056707,261589530898,3054.500000,0.588000,3054.400000,0.054000,3054.200000,5.578000,3054.100000,49.105000,3054.000000,99.650000,3053.900000,0.065000,3053.800000,122.298000,3053.700000,86.262000,3053.600000,4.666000,3053.500000,112.140000,3054.600000,242.802000,3054.700000,95.510000,3054.800000,78.827000,3054.900000,196.405000,3055.000000,11.898000,3055.100000,33.495000,3055.200000,32.864000,3055.300000,1.965000,3055.400000,131.950000,3055.500000,17.459000
1764326056957,261589538637,3054.200000,20.250000,3054.100000,6.425000,3054.000000,73.974000,3053.900000,113.981000,3053.800000,42.674000,3053.700000,86.262000,3053.600000,10.222000,3053.500000,97.959000,3053.400000,53.368000,3053.300000,82.086000,3054.300000,65.889000,3054.500000,60.816000,3054.600000,163.055000,3054.700000,229.934000,3054.800000,0.291000,3054.900000,5.642000,3055.000000,18.609000,3055.100000,33.495000,3055.200000,44.641000,3055.300000,0.965000
1764326057207,261589545790,3054.200000,0.546000,3053.900000,57.641000,3053.800000,37.874000,3053.700000,83.974000,3053.600000,105.493000,3053.500000,114.433000,3053.400000,34.440000,3053.300000,82.107000,3053.200000,126.832000,3053.100000,3.818000,3054.300000,187.881000,3054.400000,125.408000,3054.500000,253.139000,3054.600000,2.163000,3054.700000,64.685000,3054.800000,0.291000,3054.900000,77.413000,3055.000000,18.093000,3055.100000,33.495000,3055.200000,49.516000
1764326057457,261589552928,3054.100000,9.241000,3054.000000,17.880000,3053.900000,54.599000,3053.800000,45.049000,3053.700000,145.609000,3053.600000,105.451000,3053.500000,13.940000,3053.400000,133.089000,3053.300000,82.140000,3053.200000,94.735000,3054.200000,212.808000,3054.300000,22.700000,3054.400000,135.428000,3054.500000,196.431000,3054.600000,50.325000,3054.700000,64.598000,3055.000000,94.390000,3055.100000,33.495000,3055.200000,49.495000,3055.300000,2.933000
1764326057708,261589559703,3054.100000,9.241000,3054.000000,17.880000,3053.900000,76.223000,3053.800000,73.609000,3053.700000,101.430000,3053.600000,105.451000,3053.500000,63.051000,3053.400000,34.398000,3053.300000,126.361000,3053.200000,33.521000,3054.200000,200.678000,3054.300000,103.908000,3054.400000,98.420000,3054.500000,196.452000,3054.600000,6.146000,3054.700000,64.598000,3054.900000,33.091000,3055.000000,67.183000,3055.100000,33.495000,3055.200000,44.584000
1764326057959,261589568395,3054.100000,5.169000,3054.000000,5.401000,3053.900000,1.702000,3053.800000,24.310000,3053.700000,118.464000,3053.600000,35.500000,3053.500000,21.095000,3053.400000,59.308000,3053.300000,82.027000,3053.200000,1.335000,3054.200000,152.673000,3054.300000,46.166000,3054.400000,54.220000,3054.500000,196.473000,3054.600000,21.218000,3054.700000,49.867000,3054.800000,12.281000,3054.900000,0.994000,3055.000000,18.051000,3055.100000,33.495000
1764326058209,261589575874,3054.000000,5.401000,3053.900000,13.425000,3053.800000,76.375000,3053.700000,20.245000,3053.600000,105.967000,3053.500000,112.108000,3053.400000,28.174000,3053.300000,113.141000,3053.200000,4.613000,3053.100000,146.782000,3054.200000,265.229000,3054.300000,94.633000,3054.400000,59.241000,3054.500000,196.494000,3054.600000,21.218000,3054.700000,37.777000,3054.800000,88.580000,3054.900000,50.108000,3055.000000,13.752000,3055.100000,33.495000
1764326058459,261589583661,3053.900000,0.065000,3053.800000,16.272000,3053.700000,59.080000,3053.600000,22.450000,3053.500000,163.098000,3053.400000,89.791000,3053.300000,104.124000,3053.200000,4.613000,3053.100000,162.295000,3053.000000,55.007000,3054.200000,148.365000,3054.300000,117.727000,3054.400000,216.730000,3054.500000,0.105000,3054.600000,46.826000,3054.700000,37.777000,3054.800000,12.281000,3054.900000,1.832000,3055.000000,19.760000,3055.100000,33.495000
1764326058709,261589591015,3054.100000,5.169000,3053.900000,4.717000,3053.800000,16.272000,3053.700000,59.383000,3053.600000,38.649000,3053.500000,147.415000,3053.400000,45.568000,3053.300000,148.326000,3053.200000,71.189000,3053.100000,19.420000,3054.200000,194.349000,3054.300000,62.536000,3054.400000,102.911000,3054.500000,196.557000,3054.600000,19.862000,3054.700000,69.874000,3054.800000,49.114000,3054.900000,1.832000,3055.000000,19.739000,3055.100000,33.495000
1764326058960,261589598140,3053.900000,5.008000,3053.800000,16.272000,3053.700000,13.994000,3053.600000,38.712000,3053.500000,98.301000,3053.400000,45.526000,3053.300000,104.082000,3053.200000,4.613000,3053.100000,19.420000,3053.000000,55.007000,3054.200000,174.835000,3054.300000,62.536000,3054.400000,17.329000,3054.500000,0.126000,3054.600000,77.602000,3054.700000,37.777000,3054.900000,17.550000,3055.000000,13.605000,3055.100000,33.495000,3055.200000,3.260000
1764326059210,261589605120,3054.000000,5.401000,3053.900000,0.356000,3053.800000,19.987000,3053.700000,58.473000,3053.600000,38.712000,3053.500000,98.301000,3053.400000,138.821000,3053.300000,103.831000,3053.200000,4.613000,3053.100000,68.979000,3054.200000,150.297000,3054.300000,62.536000,3054.400000,0.331000,3054.500000,0.147000,3054.600000,78.391000,3054.700000,81.979000,3054.900000,50.946000,3055.000000,107.324000,3055.100000,33.495000,3055.200000,40.240000
1764326059461,261589612405,3054.000000,4.652000,3053.900000,0.870000,3053.800000,19.987000,3053.700000,14.365000,3053.600000,38.712000,3053.500000,98.301000,3053.400000,45.484000,3053.300000,103.831000,3053.200000,4.613000,3053.100000,19.420000,3054.200000,167.058000,3054.300000,62.536000,3054.400000,58.812000,3054.500000,196.620000,3054.600000,20.651000,3054.700000,37.777000,3054.800000,11.580000,3054.900000,1.832000,3055.000000,13.542000,3055.100000,33.495000
1764326059711,261589619836,3054.000000,4.652000,3053.900000,0.356000,3053.800000,17.553000,3053.700000,58.828000,3053.600000,38.196000,3053.500000,147.415000,3053.400000,89.686000,3053.300000,103.810000,3053.200000,4.613000,3053.100000,118.093000,3054.200000,255.346000,3054.300000,143.747000,3054.400000,58.812000,3054.500000,196.662000,3054.600000,20.651000,3054.700000,37.777000,3054.800000,43.677000,3054.900000,46.034000,3055.000000,13.521000,3055.100000,33.495000
1764326059962,261589628491,3054.100000,19.224000,3054.000000,0.397000,3053.900000,49.470000,3053.800000,31.606000,3053.700000,11.574000,3053.600000,120.757000,3053.500000,0.054000,3053.400000,28.564000,3053.300000,89.051000,3053.200000,4.613000,3054.200000,143.647000,3054.300000,55.581000,3054.400000,0.121000,3054.500000,0.252000,3054.600000,20.651000,3054.700000,37.777000,3054.800000,23.275000,3054.900000,1.832000,3055.000000,13.500000,3055.100000,33.495000
1764326060213,261589638003,3054.000000,4.943000,3053.900000,9.395000,3053.800000,56.437000,3053.700000,18.591000,3053.600000,115.828000,3053.500000,115.639000,3053.400000,77.677000,3053.300000,103.768000,3053.200000,119.661000,3053.100000,3.043000,3054.200000,261.470000,3054.300000,47.803000,3054.400000,98.350000,3054.500000,44.475000,3054.600000,13.993000,3054.700000,37.777000,3054.800000,25.622000,3054.900000,78.131000,3055.000000,22.663000,3055.100000,100.070000
1764326060464,261589644406,3054.100000,4.589000,3054.000000,10.080000,3053.900000,56.090000,3053.800000,1.721000,3053.700000,19.259000,3053.600000,73.068000,3053.500000,115.939000,3053.400000,121.879000,3053.300000,102.305000,3053.200000,102.199000,3054.200000,244.950000,3054.300000,47.884000,3054.400000,98.350000,3054.500000,0.273000,3054.600000,24.639000,3054.700000,37.777000,3054.800000,103.879000,3054.900000,1.832000,3055.000000,219.062000,3055.100000,126.810000
1764326060715,261589651824,3054.100000,9.821000,3054.000000,0.291000,3053.900000,13.630000,3053.800000,75.252000,3053.700000,19.280000,3053.600000,90.406000,3053.500000,98.301000,3053.400000,121.879000,3053.300000,102.305000,3053.200000,20.989000,3054.200000,185.716000,3054.300000,77.627000,3054.400000,98.350000,3054.500000,44.496000,3054.600000,6.815000,3054.700000,37.777000,3054.900000,2.159000,3055.000000,98.962000,3055.100000,229.887000,3055.200000,89.353000
1764326060971,261589660692,3054.100000,9.821000,3054.000000,0.291000,3053.900000,54.503000,3053.800000,19.552000,3053.700000,68.435000,3053.600000,128.320000,3053.500000,93.369000,3053.400000,28.564000,3053.300000,87.567000,3053.200000,103.285000,3054.200000,126.811000,3054.300000,46.972000,3054.400000,115.358000,3054.500000,32.433000,3054.600000,78.552000,3054.700000,37.777000,3054.900000,112.449000,3055.000000,54.760000,3055.100000,33.495000,3055.200000,57.702000
1764326061225,261589667923,3054.100000,5.169000,3054.000000,36.422000,3053.900000,0.356000,3053.800000,50.834000,3053.700000,21.225000,3053.600000,96.089000,3053.500000,114.577000,3053.400000,121.879000,3053.300000,118.681000,3053.200000,53.726000,3054.200000,325.658000,3054.300000,47.803000,3054.400000,0.121000,3054.500000,0.357000,3054.600000,39.425000,3054.700000,114.076000,3054.800000,1.684000,3054.900000,2.159000,3055.000000,96.045000,3055.100000,144.172000
1764326061476,261589674717,3054.000000,12.831000,3053.900000,0.356000,3053.800000,59.651000,3053.700000,43.445000,3053.600000,140.228000,3053.500000,114.577000,3053.400000,77.677000,3053.300000,118.660000,3053.200000,4.613000,3053.100000,145.917000,3054.200000,179.676000,3054.300000,82.887000,3054.400000,81.331000,3054.500000,44.622000,3054.600000,13.993000,3054.700000,37.777000,3054.800000,67.575000,3054.900000,34.256000,3055.000000,96.024000,3055.100000,144.172000
1764326061727,261589681820,3053.900000,5.008000,3053.800000,9.332000,3053.700000,8.595000,3053.600000,96.026000,3053.500000,16.330000,3053.400000,77.161000,3053.300000,81.661000,3053.200000,3.613000,3053.100000,20.505000,3053.000000,54.033000,3054.000000,92.312000,3054.100000,5.383000,3054.200000,166.245000,3054.300000,44.718000,3054.400000,49.234000,3054.500000,44.643000,3054.600000,19.529000,3054.700000,37.777000,3054.800000,76.306000,3054.900000,2.159000
1764326061978,261589689884,3053.900000,9.592000,3053.800000,0.084000,3053.700000,55.974000,3053.600000,100.211000,3053.500000,35.596000,3053.400000,22.916000,3053.300000,95.910000,3053.200000,85.051000,3053.100000,3.043000,3053.000000,4.920000,3054.000000,197.875000,3054.100000,36.488000,3054.200000,99.870000,3054.300000,48.153000,3054.400000,44.445000,3054.500000,0.462000,3054.600000,23.816000,3054.700000,37.777000,3054.800000,32.104000,3054.900000,309.341000
1764326062228,261589697012,3053.900000,0.060000,3053.800000,0.084000,3053.700000,0.462000,3053.600000,73.683000,3053.500000,117.856000,3053.400000,72.032000,3053.300000,103.250000,3053.200000,107.756000,3053.100000,17.782000,3053.000000,120.500000,3054.000000,215.021000,3054.100000,31.122000,3054.200000,67.776000,3054.300000,75.068000,3054.400000,17.071000,3054.500000,196.893000,3054.600000,90.535000,3054.700000,37.777000,3054.800000,0.007000,3054.900000,112.943000
1764326062479,261589703757,3053.800000,22.175000,3053.700000,17.782000,3053.600000,197.868000,3053.500000,1.860000,3053.400000,46.807000,3053.300000,86.931000,3053.200000,108.016000,3053.100000,17.693000,3053.000000,152.597000,3052.900000,85.593000,3053.900000,93.935000,3054.000000,146.447000,3054.100000,63.219000,3054.200000,74.714000,3054.300000,30.635000,3054.400000,0.105000,3054.500000,0.462000,3054.600000,14.560000,3054.700000,118.890000,3054.800000,44.868000
1764326062735,261589710454,3053.800000,22.175000,3053.700000,19.786000,3053.600000,176.898000,3053.500000,1.923000,3053.400000,95.923000,3053.300000,86.910000,3053.200000,58.900000,3053.100000,84.272000,3053.000000,133.940000,3052.900000,134.709000,3053.900000,110.763000,3054.000000,139.261000,3054.100000,63.219000,3054.200000,67.760000,3054.300000,30.698000,3054.400000,13.438000,3054.500000,44.667000,3054.600000,14.560000,3054.700000,118.890000,3054.800000,1.804000
1764326062989,261589717258,3053.800000,22.175000,3053.700000,45.955000,3053.600000,159.044000,3053.500000,17.011000,3053.400000,79.647000,3053.300000,86.910000,3053.200000,58.900000,3053.100000,84.272000,3053.000000,133.940000,3052.900000,85.593000,3053.900000,88.913000,3054.000000,136.218000,3054.100000,31.122000,3054.200000,72.985000,3054.300000,74.966000,3054.400000,0.243000,3054.500000,0.462000,3054.600000,71.786000,3054.700000,37.677000,3054.800000,80.449000
1764326063240,261589723934,3053.800000,22.175000,3053.700000,29.405000,3053.600000,174.877000,3053.500000,2.028000,3053.400000,94.674000,3053.300000,86.910000,3053.200000,108.019000,3053.100000,35.157000,3053.000000,183.058000,3052.900000,129.799000,3053.900000,107.246000,3054.000000,127.945000,3054.100000,80.527000,3054.200000,25.091000,3054.300000,75.009000,3054.400000,0.243000,3054.500000,0.462000,3054.600000,139.981000,3054.700000,37.677000,3054.800000,198.216000
1764326063496,261589730701,3053.800000,22.175000,3053.700000,32.201000,3053.600000,125.717000,3053.500000,51.167000,3053.400000,45.556000,3053.300000,131.116000,3053.200000,63.813000,3053.100000,67.254000,3053.000000,101.843000,3052.900000,85.593000,3053.900000,111.922000,3054.000000,127.483000,3054.100000,48.430000,3054.200000,44.024000,3054.300000,75.030000,3054.400000,18.166000,3054.500000,0.462000,3054.600000,72.326000,3054.700000,37.677000,3054.800000,200.754000
1764326063751,261589737633,3053.800000,22.175000,3053.700000,26.221000,3053.600000,174.835000,3053.500000,2.070000,3053.400000,45.556000,3053.300000,87.780000,3053.200000,58.901000,3053.100000,84.275000,3053.000000,133.940000,3052.900000,178.917000,3053.900000,106.794000,3054.000000,171.689000,3054.100000,80.527000,3054.200000,24.553000,3054.300000,75.051000,3054.400000,0.105000,3054.500000,0.462000,3054.600000,55.305000,3054.700000,131.001000,3054.800000,3.201000
1764326064004,261589744297,3053.800000,22.175000,3053.700000,77.058000,3053.600000,125.696000,3053.500000,2.091000,3053.400000,94.674000,3053.300000,87.780000,3053.200000,58.901000,3053.100000,116.372000,3053.000000,102.127000,3052.900000,134.711000,3053.900000,57.374000,3054.000000,120.159000,3054.100000,97.548000,3054.200000,44.631000,3054.300000,75.072000,3054.400000,0.243000,3054.500000,0.462000,3054.600000,58.934000,3054.700000,37.677000,3054.800000,35.298000
1764326064255,261589751269,3053.800000,28.031000,3053.700000,81.801000,3053.600000,27.410000,3053.500000,100.380000,3053.400000,45.556000,3053.300000,180.234000,3053.200000,14.695000,3053.100000,116.372000,3053.000000,146.333000,3052.900000,134.711000,3053.900000,107.248000,3054.000000,89.143000,3054.100000,146.658000,3054.200000,56.740000,3054.300000,30.908000,3054.400000,0.243000,3054.500000,44.668000,3054.600000,85.160000,3054.700000,69.774000,3054.800000,47.407000
1764326064506,261589757722,3053.800000,22.017000,3053.700000,70.266000,3053.600000,17.754000,3053.500000,115.405000,3053.400000,79.649000,3053.300000,131.116000,3053.200000,81.277000,3053.100000,49.790000,3053.000000,195.451000,3052.900000,85.593000,3053.900000,64.033000,3054.000000,106.164000,3054.100000,146.658000,3054.200000,44.631000,3054.300000,30.908000,3054.400000,44.449000,3054.500000,0.462000,3054.600000,62.910000,3054.700000,120.046000,3054.800000,105.710000
1764326064757,261589764996,3053.800000,22.017000,3053.700000,75.667000,3053.600000,23.698000,3053.500000,115.447000,3053.400000,79.649000,3053.300000,131.116000,3053.200000,81.277000,3053.100000,49.790000,3053.000000,151.245000,3052.900000,85.593000,3053.900000,38.945000,3054.000000,102.416000,3054.100000,146.658000,3054.200000,12.534000,3054.300000,30.950000,3054.400000,17.439000,3054.500000,32.559000,3054.600000,22.846000,3054.700000,37.677000,3054.800000,47.407000
1764326065007,261589771569,3053.800000,28.316000,3053.700000,89.980000,3053.600000,138.158000,3053.500000,17.263000,3053.400000,79.649000,3053.300000,131.986000,3053.200000,14.695000,3053.100000,116.372000,3053.000000,102.127000,3052.900000,134.711000,3053.900000,100.233000,3054.000000,125.802000,3054.100000,48.430000,3054.200000,56.700000,3054.300000,75.219000,3054.400000,4.208000,3054.500000,0.462000,3054.600000,58.934000,3054.700000,86.795000,3054.800000,199.613000
1764326065258,261589778250,3053.800000,35.292000,3053.700000,61.647000,3053.600000,121.879000,3053.500000,18.842000,3053.400000,79.649000,3053.300000,131.095000,3053.200000,13.232000,3053.100000,116.372000,3053.000000,102.127000,3052.900000,85.593000,3053.900000,36.094000,3054.000000,140.823000,3054.100000,31.122000,3054.200000,28.394000,3054.300000,31.055000,3054.400000,17.687000,3054.500000,0.462000,3054.600000,14.728000,3054.700000,37.677000,3054.800000,199.613000
1764326065508,261589784929,3053.800000,33.393000,3053.700000,100.681000,3053.600000,121.879000,3053.500000,18.863000,3053.400000,79.649000,3053.300000,86.868000,3053.200000,156.117000,3053.100000,17.693000,3053.000000,102.127000,3052.900000,134.711000,3053.900000,38.917000,3054.000000,31.104000,3054.100000,178.468000,3054.200000,36.867000,3054.300000,63.173000,3054.400000,7.377000,3054.500000,44.668000,3054.600000,58.979000,3054.700000,37.677000,3054.800000,84.416000
1764326065759,261589791414,3053.800000,29.132000,3053.700000,112.499000,3053.600000,98.370000,3053.500000,43.431000,3053.400000,123.855000,3053.300000,86.835000,3053.200000,102.224000,3053.100000,39.086000,3053.000000,151.245000,3052.900000,129.799000,3053.900000,36.197000,3054.000000,50.891000,3054.100000,129.350000,3054.200000,28.394000,3054.300000,31.151000,3054.400000,4.208000,3054.500000,0.462000,3054.600000,41.123000,3054.700000,37.677000,3054.800000,3.201000
1764326066009,261589798015,3053.800000,29.666000,3053.700000,99.224000,3053.600000,114.628000,3053.500000,113.178000,3053.400000,30.531000,3053.300000,86.835000,3053.200000,35.642000,3053.100000,149.874000,3053.000000,102.127000,3052.900000,134.711000,3053.900000,55.771000,3054.000000,84.988000,3054.100000,129.350000,3054.200000,28.394000,3054.300000,63.248000,3054.400000,48.414000,3054.500000,0.462000,3054.600000,27.927000,3054.700000,86.795000,3054.800000,47.407000
1764326066263,261589804508,3053.800000,29.132000,3053.700000,47.855000,3053.600000,98.370000,3053.500000,34.417000,3053.400000,30.531000,3053.300000,86.793000,3053.200000,3.285000,3053.100000,39.086000,3053.000000,102.224000,3052.900000,85.593000,3053.900000,39.245000,3054.000000,50.891000,3054.100000,129.350000,3054.200000,28.394000,3054.300000,31.172000,3054.400000,4.346000,3054.500000,0.462000,3054.600000,39.435000,3054.700000,38.828000,3054.800000,3.266000
1764326066514,261589811157,3053.800000,28.352000,3053.700000,102.745000,3053.600000,98.370000,3053.500000,34.438000,3053.400000,74.737000,3053.300000,135.890000,3053.200000,35.382000,3053.100000,149.874000,3053.000000,102.224000,3052.900000,85.530000,3053.900000,56.891000,3054.000000,84.988000,3054.100000,129.350000,3054.200000,28.394000,3054.300000,63.290000,3054.400000,48.552000,3054.500000,0.462000,3054.600000,39.393000,3054.700000,38.828000,3054.800000,128.687000
1764326066764,261589817308,3053.800000,27.818000,3053.700000,53.712000,3053.600000,99.307000,3053.500000,19.312000,3053.400000,30.531000,3053.300000,86.751000,3053.200000,3.285000,3053.100000,39.086000,3053.000000,102.224000,3052.900000,85.530000,3053.900000,55.621000,3054.000000,35.870000,3054.100000,129.350000,3054.200000,28.394000,3054.300000,31.277000,3054.400000,4.346000,3054.500000,0.462000,3054.600000,39.393000,3054.700000,37.677000,3054.800000,3.266000
1764326067014,261589823677,3053.800000,33.979000,3053.700000,105.696000,3053.600000,98.370000,3053.500000,44.987000,3053.400000,139.267000,3053.300000,86.751000,3053.200000,52.403000,3053.100000,100.650000,3053.000000,134.965000,3052.900000,85.530000,3053.900000,83.532000,3054.000000,51.799000,3054.100000,98.245000,3054.200000,41.144000,3054.300000,63.395000,3054.400000,48.414000,3054.500000,1.430000,3054.600000,39.393000,3054.700000,37.677000,3054.800000,94.052000
1764326067267,261589830528,3053.800000,27.818000,3053.700000,36.741000,3053.600000,178.492000,3053.500000,4.329000,3053.400000,105.243000,3053.300000,101.489000,3053.200000,19.661000,3053.100000,100.650000,3053.000000,85.847000,3052.900000,85.530000,3053.900000,54.301000,3054.000000,84.988000,3054.100000,144.981000,3054.200000,25.284000,3054.300000,63.416000,3054.400000,48.414000,3054.500000,1.430000,3054.600000,27.885000,3054.700000,37.677000,3054.800000,81.943000
1764326067517,261589838058,3053.800000,27.818000,3053.700000,87.174000,3053.600000,0.105000,3053.500000,38.392000,3053.400000,237.518000,3053.300000,116.562000,3053.200000,19.661000,3053.100000,105.562000,3053.000000,85.847000,3052.900000,129.736000,3053.900000,54.417000,3054.000000,183.219000,3054.100000,46.753000,3054.200000,57.381000,3054.300000,31.340000,3054.400000,48.414000,3054.500000,1.430000,3054.600000,27.885000,3054.700000,81.883000,3054.800000,81.943000
1764326067768,261589850463,3053.700000,0.462000,3053.600000,0.063000,3053.500000,0.948000,3053.400000,22.354000,3053.300000,70.964000,3053.200000,0.007000,3053.100000,16.653000,3053.000000,140.404000,3052.900000,56.134000,3052.800000,1.207000,3053.800000,337.841000,3053.900000,51.454000,3054.000000,204.990000,3054.100000,0.017000,3054.200000,25.800000,3054.300000,31.424000,3054.400000,120.531000,3054.500000,147.983000,3054.600000,4.285000,3054.700000,34.541000
1764326068019,261589859022,3053.700000,0.420000,3053.600000,0.042000,3053.500000,0.969000,3053.400000,33.732000,3053.300000,70.943000,3053.200000,34.672000,3053.100000,16.653000,3053.000000,109.333000,3052.900000,56.134000,3052.800000,1.165000,3053.800000,272.915000,3053.900000,144.778000,3054.000000,17.289000,3054.100000,196.474000,3054.200000,70.048000,3054.300000,31.445000,3054.400000,76.304000,3054.500000,148.831000,3054.600000,48.491000,3054.700000,83.659000
1764326068269,261589866842,3053.500000,27.288000,3053.400000,94.437000,3053.300000,4.675000,3053.200000,34.693000,3053.100000,109.979000,3053.000000,36.615000,3052.900000,56.434000,3052.800000,50.174000,3052.700000,4.304000,3052.600000,130.867000,3053.600000,173.803000,3053.800000,146.236000,3053.900000,35.524000,3054.000000,1.391000,3054.100000,44.207000,3054.200000,25.584000,3054.300000,34.723000,3054.400000,44.207000,3054.500000,148.810000,3054.600000,4.285000
1764326068519,261589874267,3053.500000,27.579000,3053.400000,89.044000,3053.300000,4.675000,3053.200000,49.809000,3053.100000,94.884000,3053.000000,36.615000,3052.900000,154.701000,3052.800000,82.250000,3052.700000,4.304000,3052.600000,98.770000,3053.600000,169.712000,3053.700000,35.195000,3053.800000,132.017000,3053.900000,35.524000,3054.000000,16.877000,3054.100000,44.207000,3054.200000,231.199000,3054.300000,36.318000,3054.400000,120.511000,3054.500000,148.789000
1764326068769,261589881331,3053.500000,45.303000,3053.400000,133.837000,3053.300000,118.023000,3053.200000,34.735000,3053.100000,45.765000,3053.000000,85.734000,3052.900000,88.510000,3052.800000,1.013000,3052.700000,4.304000,3052.600000,98.770000,3053.600000,36.753000,3053.700000,169.863000,3053.800000,65.141000,3053.900000,3.427000,3054.000000,55.135000,3054.100000,32.097000,3054.200000,60.339000,3054.300000,36.218000,3054.400000,1.042000,3054.500000,94.747000
1764326069024,261589888384,3053.500000,161.968000,3053.400000,138.762000,3053.300000,68.888000,3053.200000,76.758000,3053.100000,53.955000,3053.000000,36.287000,3052.900000,194.400000,3052.800000,33.110000,3052.700000,50.145000,3052.600000,67.115000,3053.600000,20.892000,3053.700000,12.190000,3053.800000,91.116000,3053.900000,118.376000,3054.000000,36.667000,3054.100000,17.371000,3054.200000,16.132000,3054.300000,80.425000,3054.400000,5.143000,3054.500000,82.637000
1764326069274,261589894995,3053.500000,156.942000,3053.400000,31.207000,3053.300000,118.023000,3053.200000,76.845000,3053.100000,53.959000,3053.000000,68.384000,3052.900000,103.873000,3052.800000,0.929000,3052.700000,111.825000,3052.600000,5.444000,3053.600000,20.279000,3053.700000,12.190000,3053.800000,111.848000,3053.900000,101.662000,3054.000000,58.519000,3054.100000,32.097000,3054.200000,60.342000,3054.300000,36.218000,3054.400000,5.143000,3054.500000,1.337000
1764326069524,261589901843,3053.500000,59.540000,3053.400000,86.569000,3053.300000,19.769000,3053.200000,145.796000,3053.100000,98.169000,3053.000000,36.287000,3052.900000,103.873000,3052.800000,0.887000,3052.700000,94.359000,3052.600000,5.444000,3053.600000,32.305000,3053.700000,26.130000,3053.800000,110.029000,3053.900000,119.034000,3054.000000,48.102000,3054.100000,36.198000,3054.200000,60.342000,3054.300000,36.218000,3054.400000,1.042000,3054.500000,45.505000
1764326069778,261589909756,3053.500000,57.631000,3053.400000,37.446000,3053.300000,113.102000,3053.200000,110.024000,3053.100000,4.836000,3053.000000,85.410000,3052.900000,103.873000,3052.800000,77.194000,3052.700000,67.615000,3052.600000,5.444000,3053.600000,47.587000,3053.700000,65.857000,3053.800000,76.008000,3053.900000,119.034000,3054.000000,66.425000,3054.100000,4.101000,3054.200000,60.342000,3054.300000,36.218000,3054.400000,1.042000,3054.500000,82.515000
1764326070029,261589918047,3053.500000,90.430000,3053.400000,52.401000,3053.300000,113.102000,3053.200000,129.591000,3053.100000,4.836000,3053.000000,93.440000,3052.900000,103.873000,3052.800000,32.963000,3052.700000,1.026000,3052.600000,116.243000,3053.600000,35.202000,3053.700000,21.261000,3053.800000,110.029000,3053.900000,119.034000,3054.000000,66.446000,3054.100000,4.101000,3054.200000,60.342000,3054.300000,36.218000,3054.400000,1.042000,3054.500000,50.397000
1764326070284,261589924945,3053.500000,51.616000,3053.400000,39.052000,3053.300000,68.892000,3053.200000,129.591000,3053.100000,98.169000,3053.000000,44.317000,3052.900000,103.873000,3052.800000,32.942000,3052.700000,111.825000,3052.600000,5.402000,3053.600000,27.973000,3053.700000,86.388000,3053.800000,30.373000,3053.900000,52.896000,3054.000000,132.580000,3054.100000,4.101000,3054.200000,72.117000,3054.300000,36.176000,3054.400000,1.042000,3054.500000,126.704000
1764326070535,261589931776,3053.500000,37.674000,3053.400000,69.363000,3053.300000,19.769000,3053.200000,129.696000,3053.100000,98.169000,3053.000000,44.317000,3052.900000,103.573000,3052.800000,0.803000,3052.700000,33.102000,3052.600000,116.201000,3053.600000,27.973000,3053.700000,91.399000,3053.800000,30.373000,3053.900000,119.034000,3054.000000,79.400000,3054.100000,48.311000,3054.200000,16.132000,3054.300000,36.176000,3054.400000,1.021000,3054.500000,50.334000
1764326070788,261589938644,3053.500000,37.738000,3053.400000,20.240000,3053.300000,53.798000,3053.200000,31.502000,3053.100000,162.834000,3053.000000,93.440000,3052.900000,103.573000,3052.800000,0.782000,3052.700000,33.081000,3052.600000,116.201000,3053.600000,46.927000,3053.700000,30.774000,3053.800000,111.593000,3053.900000,163.244000,3054.000000,47.366000,3054.100000,4.101000,3054.200000,60.342000,3054.300000,36.176000,3054.400000,33.097000,3054.500000,94.523000
1764326071039,261589945769,3053.500000,31.796000,3053.400000,64.926000,3053.300000,54.068000,3053.200000,112.401000,3053.100000,152.219000,3053.000000,44.317000,3052.900000,103.573000,3052.800000,81.981000,3052.700000,0.984000,3052.600000,67.078000,3053.600000,67.566000,3053.700000,14.059000,3053.800000,79.496000,3053.900000,119.034000,3054.000000,79.484000,3054.100000,48.311000,3054.200000,16.107000,3054.300000,36.176000,3054.400000,1.000000,3054.500000,1.169000
1764326071293,261589951986,3053.500000,42.714000,3053.400000,30.285000,3053.300000,54.068000,3053.200000,112.422000,3053.100000,53.959000,3053.000000,142.581000,3052.900000,103.573000,3052.800000,0.761000,3052.700000,82.204000,3052.600000,67.057000,3053.600000,66.307000,3053.700000,63.182000,3053.800000,62.470000,3053.900000,119.034000,3054.000000,47.408000,3054.100000,4.101000,3054.200000,68.473000,3054.300000,36.155000,3054.400000,82.220000,3054.500000,1.169000
1764326071548,261589957833,3053.500000,45.803000,3053.400000,43.142000,3053.300000,54.068000,3053.200000,68.254000,3053.100000,98.169000,3053.000000,142.581000,3052.900000,103.573000,3052.800000,0.719000,3052.700000,143.880000,3052.600000,5.360000,3053.600000,64.139000,3053.700000,14.059000,3053.800000,128.039000,3053.900000,101.662000,3054.000000,45.014000,3054.100000,4.101000,3054.200000,60.317000,3054.300000,36.134000,3054.400000,1.000000,3054.500000,1.127000
1764326071800,261589963651,3053.500000,45.099000,3053.400000,44.961000,3053.300000,54.068000,3053.200000,112.506000,3053.100000,53.959000,3053.000000,142.581000,3052.900000,103.573000,3052.800000,126.149000,3052.700000,0.984000,3052.600000,71.928000,3053.600000,63.150000,3053.700000,14.059000,3053.800000,128.039000,3053.900000,101.662000,3054.000000,45.056000,3054.100000,48.311000,3054.200000,24.250000,3054.300000,68.210000,3054.400000,1.000000,3054.500000,1.127000
1764326072055,261589970362,3053.500000,46.006000,3053.400000,49.069000,3053.300000,54.068000,3053.200000,112.527000,3053.100000,53.959000,3053.000000,142.581000,3052.900000,103.573000,3052.800000,81.939000,3052.700000,0.984000,3052.600000,98.651000,3053.600000,68.161000,3053.700000,14.059000,3053.800000,128.039000,3053.900000,101.662000,3054.000000,14.910000,3054.100000,48.311000,3054.200000,17.231000,3054.300000,36.092000,3054.400000,77.307000,3054.500000,1.127000
1764326072307,261589976426,3053.500000,29.365000,3053.400000,27.654000,3053.300000,69.834000,3053.200000,47.545000,3053.100000,69.327000,3053.000000,88.011000,3052.900000,201.840000,3052.800000,55.268000,3052.700000,0.984000,3052.600000,148.172000,3053.600000,104.210000,3053.700000,95.279000,3053.800000,46.819000,3053.900000,101.662000,3054.000000,46.292000,3054.100000,4.101000,3054.200000,52.201000,3054.300000,36.050000,3054.400000,126.430000,3054.500000,148.477000
1764326072560,261589982242,3053.500000,50.154000,3053.400000,71.593000,3053.300000,4.675000,3053.200000,47.587000,3053.100000,168.103000,3053.000000,93.437000,3052.900000,103.573000,3052.800000,99.405000,3052.700000,0.984000,3052.600000,49.444000,3053.600000,100.088000,3053.700000,14.059000,3053.800000,46.819000,3053.900000,133.759000,3054.000000,17.824000,3054.100000,4.101000,3054.200000,52.201000,3054.300000,36.008000,3054.400000,33.097000,3054.500000,148.477000
1764326072810,261589988385,3053.500000,42.591000,3053.400000,36.841000,3053.300000,53.798000,3053.200000,122.159000,3053.100000,5.652000,3053.000000,98.350000,3052.900000,147.783000,3052.800000,0.677000,3052.700000,33.081000,3052.600000,71.802000,3053.600000,27.316000,3053.700000,37.364000,3053.800000,79.496000,3053.900000,132.842000,3054.000000,50.677000,3054.100000,48.311000,3054.200000,17.206000,3054.300000,35.987000,3054.400000,1.000000,3054.500000,45.295000
1764326073060,261589994313,3053.500000,31.564000,3053.400000,56.046000,3053.300000,48.885000,3053.200000,142.078000,3053.100000,5.652000,3053.000000,98.350000,3052.900000,103.573000,3052.800000,32.753000,3052.700000,0.984000,3052.600000,5.150000,3053.600000,27.316000,3053.700000,44.292000,3053.800000,62.470000,3053.900000,132.842000,3054.000000,18.622000,3054.100000,4.101000,3054.200000,38.552000,3054.300000,35.945000,3054.400000,1.000000,3054.500000,1.064000
1764326073310,261590000189,3053.500000,39.430000,3053.400000,46.047000,3053.300000,53.798000,3053.200000,149.101000,3053.100000,98.985000,3053.000000,49.227000,3052.900000,103.573000,3052.800000,81.876000,3052.700000,0.984000,3052.600000,49.339000,3053.600000,48.379000,3053.700000,63.182000,3053.800000,106.680000,3053.900000,132.842000,3054.000000,18.664000,3054.100000,4.101000,3054.200000,24.200000,3054.300000,35.924000,3054.400000,33.097000,3054.500000,94.397000
1764326073560,261590005526,3053.500000,45.146000,3053.400000,58.073000,3053.300000,4.675000,3053.200000,149.101000,3053.100000,49.862000,3053.000000,49.227000,3052.900000,103.573000,3052.800000,44.866000,3052.700000,99.670000,3052.600000,5.129000,3053.600000,61.084000,3053.700000,14.059000,3053.800000,45.483000,3053.900000,116.397000,3054.000000,18.664000,3054.100000,4.101000,3054.200000,37.920000,3054.300000,35.924000,3054.400000,1.327000,3054.500000,1.064000
1764326073810,261590010069,3053.500000,42.322000,3053.400000,46.412000,3053.300000,53.798000,3053.200000,122.243000,3053.100000,5.652000,3053.000000,142.560000,3052.900000,103.573000,3052.800000,0.656000,3052.700000,82.204000,3052.600000,66.763000,3053.600000,47.366000,3053.700000,14.059000,3053.800000,170.913000,3053.900000,116.397000,3054.000000,18.664000,3054.100000,4.101000,3054.200000,27.905000,3054.300000,35.861000,3054.400000,77.634000,3054.500000,50.187000
1764326074061,261590015882,3053.500000,32.246000,3053.400000,68.706000,3053.300000,4.675000,3053.200000,149.164000,3053.100000,5.352000,3053.000000,49.227000,3052.900000,103.573000,3052.800000,0.656000,3052.700000,0.984000,3052.600000,5.045000,3053.600000,26.049000,3053.700000,41.311000,3053.800000,45.483000,3053.900000,116.397000,3054.000000,27.535000,3054.100000,4.101000,3054.200000,16.129000,3054.300000,35.840000,3054.400000,1.327000,3054.500000,1.064000
1764326074313,261590021818,3053.500000,32.684000,3053.400000,67.508000,3053.300000,53.798000,3053.200000,149.206000,3053.100000,98.685000,3053.000000,49.227000,3052.900000,103.573000,3052.800000,49.779000,3052.700000,0.984000,3052.600000,54.566000,3053.600000,26.049000,3053.700000,120.919000,3053.800000,89.693000,3053.900000,116.397000,3054.000000,22.085000,3054.100000,4.101000,3054.200000,49.551000,3054.300000,112.105000,3054.400000,1.327000,3054.500000,50.187000
1764326074568,261590027853,3053.500000,32.684000,3053.400000,67.574000,3053.300000,53.798000,3053.200000,149.227000,3053.100000,5.352000,3053.000000,142.800000,3052.900000,103.573000,3052.800000,81.876000,3052.700000,0.984000,3052.600000,71.571000,3053.600000,26.049000,3053.700000,93.337000,3053.800000,77.580000,3053.900000,116.397000,3054.000000,18.790000,3054.100000,48.311000,3054.200000,16.092000,3054.300000,35.777000,3054.400000,77.634000,3054.500000,50.187000
1764326074818,261590034065,3053.500000,34.096000,3053.400000,69.033000,3053.300000,53.798000,3053.200000,122.432000,3053.100000,5.352000,3053.000000,142.800000,3052.900000,103.573000,3052.800000,0.656000,3052.700000,126.414000,3052.600000,4.940000,3053.600000,26.049000,3053.700000,89.497000,3053.800000,121.790000,3053.900000,116.397000,3054.000000,18.853000,3054.100000,48.311000,3054.200000,16.092000,3054.300000,35.735000,3054.400000,77.634000,3054.500000,1.064000
1764326075075,261590040510,3053.500000,53.660000,3053.400000,95.506000,3053.300000,120.469000,3053.200000,0.994000,3053.100000,143.102000,3053.000000,51.104000,3052.900000,87.195000,3052.800000,81.876000,3052.700000,0.984000,3052.600000,4.898000,3053.600000,26.374000,3053.700000,79.063000,3053.800000,62.470000,3053.900000,62.372000,3054.000000,138.991000,3054.100000,4.101000,3054.200000,16.092000,3054.300000,35.693000,3054.400000,49.912000,3054.500000,1.064000
1764326075327,261590046211,3053.500000,86.718000,3053.400000,62.985000,3053.300000,71.338000,3053.200000,111.976000,3053.100000,113.424000,3053.000000,51.104000,3052.900000,87.195000,3052.800000,0.656000,3052.700000,126.414000,3052.600000,4.898000,3053.600000,28.993000,3053.700000,38.135000,3053.800000,111.593000,3053.900000,132.557000,3054.000000,31.935000,3054.100000,48.311000,3054.200000,16.092000,3054.300000,35.693000,3054.400000,33.424000,3054.500000,45.274000
1764326075577,261590052463,3053.500000,32.605000,3053.400000,89.156000,3053.300000,120.469000,3053.200000,38.475000,3053.100000,113.424000,3053.000000,51.204000,3052.900000,87.195000,3052.800000,82.400000,3052.700000,0.984000,3052.600000,98.210000,3053.600000,24.436000,3053.700000,90.780000,3053.800000,30.373000,3053.900000,34.322000,3054.000000,64.032000,3054.100000,4.101000,3054.200000,158.527000,3054.300000,35.672000,3054.400000,1.327000,3054.500000,45.274000
1764326075829,261590058159,3053.500000,32.572000,3053.400000,61.741000,3053.300000,71.338000,3053.200000,123.914000,3053.100000,20.091000,3053.000000,144.537000,3052.900000,87.195000,3052.800000,1.180000,3052.700000,33.081000,3052.600000,98.077000,3053.600000,24.436000,3053.700000,45.640000,3053.800000,155.803000,3053.900000,34.322000,3054.000000,52.999000,3054.100000,102.329000,3054.200000,16.092000,3054.300000,111.946000,3054.400000,1.327000,3054.500000,1.064000
1764326076079,261590064645,3053.500000,45.506000,3053.400000,72.073000,3053.300000,21.278000,3053.200000,120.038000,3053.100000,64.301000,3053.000000,149.468000,3052.900000,87.195000,3052.800000,33.277000,3052.700000,111.783000,3052.600000,4.723000,3053.600000,62.832000,3053.700000,74.899000,3053.800000,122.840000,3053.900000,18.162000,3054.000000,118.519000,3054.100000,48.311000,3054.200000,32.484000,3054.300000,67.715000,3054.400000,1.327000,3054.500000,1.064000
1764326076330,261590070334,3053.500000,44.889000,3053.400000,25.328000,3053.300000,21.278000,3053.200000,120.080000,3053.100000,64.301000,3053.000000,149.371000,3052.900000,87.195000,3052.800000,50.303000,3052.700000,1.081000,3052.600000,115.480000,3053.600000,63.626000,3053.700000,74.899000,3053.800000,122.840000,3053.900000,116.397000,3054.000000,20.487000,3054.100000,4.101000,3054.200000,23.800000,3054.300000,35.576000,3054.400000,126.757000,3054.500000,1.129000
1764326076582,261590076421,3053.500000,41.257000,3053.400000,68.932000,3053.300000,4.675000,3053.200000,70.978000,3053.100000,113.424000,3053.000000,149.371000,3052.900000,87.195000,3052.800000,1.180000,3052.700000,2.478000,3052.600000,147.577000,3053.600000,63.508000,3053.700000,106.996000,3053.800000,90.743000,3053.900000,116.397000,3054.000000,20.508000,3054.100000,48.311000,3054.200000,16.092000,3054.300000,35.576000,3054.400000,77.634000,3054.500000,1.129000
1764326076841,261590082282,3053.500000,47.839000,3053.400000,67.196000,3053.300000,4.675000,3053.200000,61.203000,3053.100000,113.424000,3053.000000,166.837000,3052.900000,87.195000,3052.800000,50.303000,3052.700000,2.478000,3052.600000,130.027000,3053.600000,66.156000,3053.700000,106.996000,3053.800000,90.743000,3053.900000,116.397000,3054.000000,38.814000,3054.100000,48.311000,3054.200000,48.189000,3054.300000,35.471000,3054.400000,1.327000,3054.500000,50.252000
1764326077092,261590088512,3053.500000,38.699000,3053.400000,88.250000,3053.300000,4.675000,3053.200000,105.196000,3053.100000,118.351000,3053.000000,95.317000,3052.900000,87.195000,3052.800000,1.180000,3052.700000,127.908000,3052.600000,4.513000,3053.600000,64.436000,3053.700000,37.417000,3053.800000,95.656000,3053.900000,62.372000,3054.000000,131.756000,3054.100000,4.101000,3054.200000,27.768000,3054.300000,67.505000,3054.400000,1.327000,3054.500000,1.129000
1764326077343,261590093940,3053.500000,46.674000,3053.400000,33.557000,3053.300000,53.798000,3053.200000,63.104000,3053.100000,113.424000,3053.000000,51.107000,3052.900000,87.195000,3052.800000,1.180000,3052.700000,83.698000,3052.600000,48.702000,3053.600000,61.014000,3053.700000,118.637000,3053.800000,90.743000,3053.900000,116.397000,3054.000000,20.718000,3054.100000,4.101000,3054.200000,16.092000,3054.300000,67.463000,3054.400000,94.660000,3054.500000,1.129000
1764326077593,261590099923,3053.500000,38.107000,3053.400000,66.077000,3053.300000,20.461000,3053.200000,94.686000,3053.100000,36.511000,3053.000000,144.440000,3052.900000,87.195000,3052.800000,33.277000,3052.700000,2.478000,3052.600000,97.825000,3053.600000,62.300000,3053.700000,118.637000,3053.800000,90.743000,3053.900000,116.397000,3054.000000,20.718000,3054.100000,4.101000,3054.200000,27.743000,3054.300000,67.463000,3054.400000,45.537000,3054.500000,1.129000
1764326077850,261590105713,3053.500000,34.131000,3053.400000,70.173000,3053.300000,4.675000,3053.200000,94.719000,3053.100000,36.511000,3053.000000,144.440000,3052.900000,87.195000,3052.800000,50.303000,3052.700000,2.478000,3052.600000,48.702000,3053.600000,56.345000,3053.700000,118.637000,3053.800000,90.743000,3053.900000,116.397000,3054.000000,18.031000,3054.100000,5.587000,3054.200000,16.059000,3054.300000,35.366000,3054.400000,94.660000,3054.500000,1.129000
1764326078102,261590111654,3053.500000,31.817000,3053.400000,60.260000,3053.300000,20.461000,3053.200000,12.253000,3053.100000,129.844000,3053.000000,22.471000,3052.900000,87.195000,3052.800000,50.303000,3052.700000,34.575000,3052.600000,97.825000,3053.600000,56.851000,3053.700000,69.514000,3053.800000,46.533000,3053.900000,116.397000,3054.000000,62.241000,3054.100000,4.101000,3054.200000,16.059000,3054.300000,35.366000,3054.400000,1.327000,3054.500000,45.339000
1764326078352,261590116759,3053.500000,29.796000,3053.400000,60.311000,3053.300000,20.460000,3053.200000,37.210000,3053.100000,129.844000,3053.000000,22.471000,3052.900000,87.195000,3052.800000,50.303000,3052.700000,19.944000,3052.600000,129.901000,3053.600000,53.753000,3053.700000,118.637000,3053.800000,46.533000,3053.900000,116.397000,3054.000000,62.241000,3054.100000,4.101000,3054.200000,24.094000,3054.300000,67.463000,3054.400000,1.327000,3054.500000,1.129000
1764326078607,261590123432,3053.500000,24.526000,3053.400000,114.887000,3053.300000,67.945000,3053.200000,23.893000,3053.100000,17.978000,3053.000000,54.889000,3052.900000,81.318000,3052.800000,3.934000,3052.700000,2.478000,3052.600000,147.346000,3053.600000,193.458000,3053.700000,69.514000,3053.800000,90.743000,3053.900000,3.427000,3054.000000,1.680000,3054.100000,8.824000,3054.200000,56.170000,3054.300000,35.324000,3054.400000,45.537000,3054.500000,50.252000
1764326078858,261590130499,3053.500000,24.526000,3053.400000,173.349000,3053.300000,18.822000,3053.200000,37.230000,3053.100000,82.356000,3053.000000,90.587000,3052.900000,37.108000,3052.800000,102.620000,3052.700000,2.478000,3052.600000,97.783000,3053.600000,139.268000,3053.700000,73.011000,3053.800000,95.656000,3053.900000,35.524000,3054.000000,45.953000,3054.100000,4.101000,3054.200000,24.052000,3054.300000,82.877000,3054.400000,33.424000,3054.500000,1.129000
1764326079108,261590137459,3053.500000,83.880000,3053.400000,137.159000,3053.300000,52.160000,3053.200000,47.142000,3053.100000,61.023000,3053.000000,39.608000,3052.900000,37.108000,3052.800000,53.057000,3052.700000,96.251000,3052.600000,72.439000,3053.600000,29.089000,3053.700000,73.039000,3053.800000,177.734000,3053.900000,18.320000,3054.000000,1.743000,3054.100000,9.125000,3054.200000,61.083000,3054.300000,38.646000,3054.400000,64.491000,3054.500000,1.129000
1764326079362,261590143734,3053.500000,33.820000,3053.400000,137.159000,3053.300000,3.037000,3053.200000,47.184000,3053.100000,16.813000,3053.000000,39.608000,3052.900000,37.108000,3052.800000,3.934000,3052.700000,2.478000,3052.600000,21.874000,3053.600000,54.843000,3053.700000,55.623000,3053.800000,128.611000,3053.900000,18.320000,3054.000000,14.796000,3054.100000,4.101000,3054.200000,38.112000,3054.300000,38.625000,3054.400000,1.327000,3054.500000,1.129000
1764326079612,261590149115,3053.500000,30.201000,3053.400000,152.366000,3053.300000,52.160000,3053.200000,30.774000,3053.100000,110.146000,3053.000000,22.143000,3052.900000,37.108000,3052.800000,3.934000,3052.700000,145.374000,3052.600000,4.387000,3053.600000,47.655000,3053.700000,73.636000,3053.800000,128.611000,3053.900000,94.627000,3054.000000,32.892000,3054.100000,4.101000,3054.200000,16.873000,3054.300000,38.604000,3054.400000,1.327000,3054.500000,126.559000
1764326079870,261590155156,3053.500000,30.195000,3053.400000,137.799000,3053.300000,52.160000,3053.200000,50.797000,3053.100000,16.813000,3053.000000,78.604000,3052.900000,86.231000,3052.800000,3.934000,3052.700000,83.698000,3052.600000,66.042000,3053.600000,69.419000,3053.700000,73.636000,3053.800000,128.611000,3053.900000,50.417000,3054.000000,78.368000,3054.100000,4.101000,3054.200000,28.525000,3054.300000,38.583000,3054.400000,82.547000,3054.500000,1.129000
1764326080120,261590160888,3053.500000,30.881000,3053.400000,147.544000,3053.300000,52.160000,3053.200000,50.797000,3053.100000,65.936000,3053.000000,78.604000,3052.900000,86.231000,3052.800000,3.934000,3052.700000,34.575000,3052.600000,115.165000,3053.600000,69.188000,3053.700000,73.636000,3053.800000,121.574000,3053.900000,101.662000,3054.000000,34.158000,3054.100000,4.101000,3054.200000,52.766000,3054.300000,38.583000,3054.400000,126.757000,3054.500000,1.129000
1764326080380,261590166485,3053.500000,30.881000,3053.400000,134.246000,3053.300000,52.160000,3053.200000,30.816000,3053.100000,16.813000,3053.000000,78.604000,3052.900000,86.231000,3052.800000,3.934000,3052.700000,113.277000,3052.600000,4.366000,3053.600000,70.107000,3053.700000,73.636000,3053.800000,143.505000,3053.900000,35.524000,3054.000000,78.368000,3054.100000,4.101000,3054.200000,16.848000,3054.300000,38.583000,3054.400000,1.327000,3054.500000,126.559000
1764326080633,261590172069,3053.500000,35.900000,3053.400000,134.005000,3053.300000,52.160000,3053.200000,55.693000,3053.100000,65.936000,3053.000000,78.604000,3052.900000,37.108000,3052.800000,3.934000,3052.700000,34.575000,3052.600000,115.165000,3053.600000,61.279000,3053.700000,73.636000,3053.800000,143.505000,3053.900000,35.524000,3054.000000,78.368000,3054.100000,4.101000,3054.200000,16.848000,3054.300000,38.583000,3054.400000,1.327000,3054.500000,82.349000
1764326080886,261590177417,3053.500000,30.881000,3053.400000,150.307000,3053.300000,52.160000,3053.200000,44.013000,3053.100000,110.146000,3053.000000,34.394000,3052.900000,37.108000,3052.800000,3.934000,3052.700000,34.575000,3052.600000,115.165000,3053.600000,69.088000,3053.700000,73.636000,3053.800000,143.505000,3053.900000,79.734000,3054.000000,34.158000,3054.100000,4.101000,3054.200000,28.522000,3054.300000,38.583000,3054.400000,82.547000,3054.500000,1.129000
1764326081136,261590182564,3053.500000,30.881000,3053.400000,143.815000,3053.300000,52.160000,3053.200000,44.013000,3053.100000,65.936000,3053.000000,78.604000,3052.900000,86.231000,3052.800000,36.031000,3052.700000,2.478000,3052.600000,21.832000,3053.600000,70.117000,3053.700000,24.513000,3053.800000,170.697000,3053.900000,101.662000,3054.000000,34.158000,3054.100000,4.101000,3054.200000,37.034000,3054.300000,38.583000,3054.400000,77.634000,3054.500000,1.129000
1764326081395,261590188809,3053.500000,31.587000,3053.400000,139.344000,3053.300000,52.160000,3053.200000,19.188000,3053.100000,65.936000,3053.000000,78.604000,3052.900000,86.231000,3052.800000,3.934000,3052.700000,83.698000,3052.600000,66.042000,3053.600000,70.209000,3053.700000,73.636000,3053.800000,143.505000,3053.900000,79.734000,3054.000000,34.158000,3054.100000,4.101000,3054.200000,16.848000,3054.300000,38.583000,3054.400000,1.327000,3054.500000,94.462000
1764326081649,261590194308,3053.500000,30.881000,3053.400000,144.508000,3053.300000,52.160000,3053.200000,40.104000,3053.100000,110.146000,3053.000000,34.394000,3052.900000,37.108000,3052.800000,3.934000,3052.700000,83.698000,3052.600000,66.042000,3053.600000,69.873000,3053.700000,73.636000,3053.800000,143.505000,3053.900000,79.734000,3054.000000,34.158000,3054.100000,4.101000,3054.200000,28.522000,3054.300000,82.793000,3054.400000,1.327000,3054.500000,82.349000
1764326081900,261590198661,3053.500000,31.693000,3053.400000,129.337000,3053.300000,52.160000,3053.200000,40.104000,3053.100000,65.936000,3053.000000,91.701000,3052.900000,86.231000,3052.800000,3.934000,3052.700000,145.374000,3052.600000,4.366000,3053.600000,74.204000,3053.700000,24.513000,3053.800000,126.487000,3053.900000,101.662000,3054.000000,78.368000,3054.100000,4.101000,3054.200000,38.103000,3054.300000,38.583000,3054.400000,77.634000,3054.500000,1.129000
1764326082157,261590202665,3053.500000,31.147000,3053.400000,137.973000,3053.300000,52.160000,3053.200000,52.093000,3053.100000,65.936000,3053.000000,91.701000,3052.900000,86.231000,3052.800000,3.934000,3052.700000,2.478000,3052.600000,115.165000,3053.600000,67.867000,3053.700000,24.513000,3053.800000,94.390000,3053.900000,133.759000,3054.000000,78.368000,3054.100000,4.101000,3054.200000,38.103000,3054.300000,38.583000,3054.400000,45.537000,3054.500000,50.252000
1764326082408,261590208659,3053.500000,56.180000,3053.400000,113.705000,3053.300000,57.586000,3053.200000,50.134000,3053.100000,64.378000,3053.000000,73.178000,3052.900000,37.108000,3052.800000,3.934000,3052.700000,83.698000,3052.600000,66.042000,3053.600000,20.144000,3053.700000,32.058000,3053.800000,97.008000,3053.900000,101.662000,3054.000000,96.349000,3054.100000,48.311000,3054.200000,16.848000,3054.300000,38.583000,3054.400000,1.327000,3054.500000,50.252000
1764326082659,261590213802,3053.500000,92.262000,3053.400000,131.833000,3053.300000,57.586000,3053.200000,53.840000,3053.100000,59.465000,3053.000000,78.091000,3052.900000,37.108000,3052.800000,3.934000,3052.700000,145.374000,3052.600000,69.733000,3053.600000,23.044000,3053.700000,47.450000,3053.800000,30.373000,3053.900000,118.716000,3054.000000,47.198000,3054.100000,4.101000,3054.200000,16.848000,3054.300000,38.583000,3054.400000,1.327000,3054.500000,1.129000
1764326082909,261590218854,3053.500000,38.807000,3053.400000,114.965000,3053.300000,57.586000,3053.200000,41.928000,3053.100000,59.465000,3053.000000,62.613000,3052.900000,37.108000,3052.800000,146.830000,3052.700000,2.478000,3052.600000,69.733000,3053.600000,16.070000,3053.700000,48.796000,3053.800000,79.496000,3053.900000,118.716000,3054.000000,79.295000,3054.100000,48.311000,3054.200000,16.848000,3054.300000,38.583000,3054.400000,1.327000,3054.500000,1.129000
1764326083159,261590223743,3053.500000,92.017000,3053.400000,130.083000,3053.300000,57.586000,3053.200000,60.256000,3053.100000,59.465000,3053.000000,65.840000,3052.900000,37.108000,3052.800000,3.934000,3052.700000,145.374000,3052.600000,69.733000,3053.600000,26.629000,3053.700000,24.513000,3053.800000,62.470000,3053.900000,118.716000,3054.000000,47.198000,3054.100000,4.101000,3054.200000,16.848000,3054.300000,38.583000,3054.400000,33.424000,3054.500000,1.129000
1764326083410,261590228515,3053.500000,87.784000,3053.400000,115.895000,3053.300000,57.586000,3053.200000,19.188000,3053.100000,108.588000,3053.000000,28.968000,3052.900000,37.108000,3052.800000,146.830000,3052.700000,2.478000,3052.600000,53.489000,3053.600000,58.738000,3053.700000,24.513000,3053.800000,111.593000,3053.900000,118.716000,3054.000000,34.158000,3054.100000,48.311000,3054.200000,16.848000,3054.300000,38.583000,3054.400000,33.424000,3054.500000,50.252000
1764326083664,261590233598,3053.500000,44.103000,3053.400000,131.241000,3053.300000,8.463000,3053.200000,36.938000,3053.100000,15.255000,3053.000000,28.968000,3052.900000,37.108000,3052.800000,3.934000,3052.700000,1.081000,3052.600000,74.657000,3053.600000,62.797000,3053.700000,24.513000,3053.800000,30.373000,3053.900000,118.716000,3054.000000,47.198000,3054.100000,4.101000,3054.200000,16.848000,3054.300000,38.583000,3054.400000,1.327000,3054.500000,1.129000
1764326083915,261590238430,3053.500000,38.934000,3053.400000,131.241000,3053.300000,57.586000,3053.200000,36.938000,3053.100000,59.465000,3053.000000,100.251000,3052.900000,37.108000,3052.800000,53.497000,3052.700000,94.414000,3052.600000,74.657000,3053.600000,64.049000,3053.700000,24.513000,3053.800000,127.202000,3053.900000,101.662000,3054.000000,47.198000,3054.100000,48.311000,3054.200000,16.848000,3054.300000,38.583000,3054.400000,1.327000,3054.500000,1.129000
1764326084169,261590243382,3053.500000,37.250000,3053.400000,131.241000,3053.300000,8.463000,3053.200000,36.938000,3053.100000,15.255000,3053.000000,51.128000,3052.900000,37.108000,3052.800000,3.934000,3052.700000,1.081000,3052.600000,74.657000,3053.600000,43.018000,3053.700000,24.513000,3053.800000,95.105000,3053.900000,145.872000,3054.000000,47.198000,3054.100000,4.101000,3054.200000,16.848000,3054.300000,38.583000,3054.400000,1.327000,3054.500000,1.129000
1764326084419,261590248286,3053.500000,83.477000,3053.400000,118.960000,3053.300000,57.586000,3053.200000,23.742000,3053.100000,59.465000,3053.000000,78.091000,3052.900000,69.205000,3052.800000,3.934000,3052.700000,1.081000,3052.600000,115.165000,3053.600000,28.356000,3053.700000,41.475000,3053.800000,95.105000,3053.900000,79.734000,3054.000000,34.158000,3054.100000,4.101000,3054.200000,16.848000,3054.300000,38.583000,3054.400000,1.327000,3054.500000,126.559000
1764326084672,261590253082,3053.500000,41.655000,3053.400000,133.231000,3053.300000,57.586000,3053.200000,41.346000,3053.100000,59.465000,3053.000000,100.769000,3052.900000,37.108000,3052.800000,3.934000,3052.700000,143.977000,3052.600000,56.101000,3053.600000,67.515000,3053.700000,73.636000,3053.800000,144.220000,3053.900000,3.427000,3054.000000,35.631000,3054.100000,48.311000,3054.200000,16.848000,3054.300000,38.583000,3054.400000,126.757000,3054.500000,1.129000
1764326084928,261590257879,3053.500000,40.750000,3053.400000,133.231000,3053.300000,57.586000,3053.200000,53.759000,3053.100000,59.465000,3053.000000,78.091000,3052.900000,37.108000,3052.800000,3.934000,3052.700000,1.081000,3052.600000,122.690000,3053.600000,63.425000,3053.700000,73.636000,3053.800000,144.220000,3053.900000,3.427000,3054.000000,67.728000,3054.100000,48.311000,3054.200000,16.848000,3054.300000,38.583000,3054.400000,1.327000,3054.500000,50.252000
1764326085188,261590262692,3053.500000,47.303000,3053.400000,133.231000,3053.300000,57.586000,3053.200000,53.759000,3053.100000,108.588000,3053.000000,42.065000,3052.900000,37.108000,3052.800000,3.934000,3052.700000,143.977000,3052.600000,56.101000,3053.600000,67.429000,3053.700000,73.636000,3053.800000,144.220000,3053.900000,3.427000,3054.000000,67.728000,3054.100000,48.311000,3054.200000,16.848000,3054.300000,38.583000,3054.400000,40.697000,3054.500000,50.252000
1764326085438,261590267569,3053.500000,36.143000,3053.400000,118.113000,3053.300000,72.788000,3053.200000,41.346000,3053.100000,59.465000,3053.000000,58.728000,3052.900000,135.794000,3052.800000,4.222000,3052.700000,1.081000,3052.600000,105.224000,3053.600000,71.361000,3053.700000,73.636000,3053.800000,144.220000,3053.900000,3.427000,3054.000000,80.580000,3054.100000,48.311000,3054.200000,16.848000,3054.300000,38.583000,3054.400000,1.327000,3054.500000,126.559000
1764326085688,261590272581,3053.500000,39.332000,3053.400000,133.315000,3053.300000,57.586000,3053.200000,36.356000,3053.100000,59.465000,3053.000000,78.091000,3052.900000,37.108000,3052.800000,4.222000,3052.700000,33.178000,3052.600000,122.690000,3053.600000,68.083000,3053.700000,73.636000,3053.800000,144.220000,3053.900000,35.524000,3054.000000,48.483000,3054.100000,48.311000,3054.200000,16.848000,3054.300000,38.583000,3054.400000,82.547000,3054.500000,1.129000
1764326085938,261590276798,3053.500000,39.381000,3053.400000,133.315000,3053.300000,57.586000,3053.200000,45.439000,3053.100000,59.465000,3053.000000,91.274000,3052.900000,37.108000,3052.800000,147.118000,3052.700000,1.081000,3052.600000,56.101000,3053.600000,71.670000,3053.700000,73.636000,3053.800000,144.220000,3053.900000,3.427000,3054.000000,80.580000,3054.100000,48.311000,3054.200000,16.848000,3054.300000,38.583000,3054.400000,1.327000,3054.500000,1.129000
1764326086192,261590281864,3053.500000,36.837000,3053.400000,133.315000,3053.300000,57.586000,3053.200000,45.439000,3053.100000,108.588000,3053.000000,28.968000,3052.900000,37.108000,3052.800000,147.118000,3052.700000,1.081000,3052.600000,105.224000,3053.600000,67.637000,3053.700000,73.636000,3053.800000,176.317000,3053.900000,3.427000,3054.000000,48.483000,3054.100000,48.311000,3054.200000,16.848000,3054.300000,70.680000,3054.400000,1.327000,3054.500000,50.252000
1764326086442,261590286446,3053.500000,92.508000,3053.400000,130.319000,3053.300000,57.586000,3053.200000,36.938000,3053.100000,108.588000,3053.000000,28.968000,3052.900000,37.108000,3052.800000,4.222000,3052.700000,143.977000,3052.600000,56.101000,3053.600000,71.878000,3053.700000,24.513000,3053.800000,193.343000,3053.900000,3.427000,3054.000000,80.580000,3054.100000,48.311000,3054.200000,16.848000,3054.300000,38.583000,3054.400000,45.537000,3054.500000,82.349000
1764326086715,261590291521,3053.500000,90.616000,3053.400000,135.508000,3053.300000,8.463000,3053.200000,98.455000,3053.100000,59.465000,3053.000000,49.381000,3052.900000,37.108000,3052.800000,147.118000,3052.700000,1.081000,3052.600000,105.224000,3053.600000,73.506000,3053.700000,73.636000,3053.800000,45.982000,3053.900000,101.662000,3054.000000,80.580000,3054.100000,48.311000,3054.200000,16.848000,3054.300000,38.583000,3054.400000,1.327000,3054.500000,126.559000
1764326086976,261590296150,3053.500000,90.240000,3053.400000,135.642000,3053.300000,57.586000,3053.200000,49.332000,3053.100000,59.465000,3053.000000,49.381000,3052.900000,86.231000,3052.800000,97.995000,3052.700000,17.047000,3052.600000,105.224000,3053.600000,73.162000,3053.700000,24.513000,3053.800000,193.343000,3053.900000,3.427000,3054.000000,80.580000,3054.100000,48.311000,3054.200000,16.848000,3054.300000,38.583000,3054.400000,45.537000,3054.500000,1.129000
1764326087226,261590300908,3053.500000,32.130000,3053.400000,148.453000,3053.300000,57.586000,3053.200000,45.034000,3053.100000,44.726000,3053.000000,82.127000,3052.900000,37.108000,3052.800000,102.908000,3052.700000,17.047000,3052.600000,100.311000,3053.600000,68.423000,3053.700000,73.636000,3053.800000,144.220000,3053.900000,35.524000,3054.000000,17.376000,3054.100000,48.311000,3054.200000,16.848000,3054.300000,38.583000,3054.400000,94.660000,3054.500000,33.226000
1764326087479,261590305598,3053.500000,89.906000,3053.400000,135.642000,3053.300000,57.586000,3053.200000,45.034000,3053.100000,59.465000,3053.000000,28.968000,3052.900000,37.108000,3052.800000,147.118000,3052.700000,17.047000,3052.600000,105.224000,3053.600000,72.414000,3053.700000,88.372000,3053.800000,160.593000,3053.900000,3.427000,3054.000000,49.473000,3054.100000,48.311000,3054.200000,16.848000,3054.300000,38.583000,3054.400000,1.327000,3054.500000,126.559000
1764326087732,261590310361,3053.500000,87.451000,3053.400000,135.642000,3053.300000,57.586000,3053.200000,45.034000,3053.100000,108.588000,3053.000000,28.968000,3052.900000,37.108000,3052.800000,4.222000,3052.700000,111.880000,3052.600000,56.101000,3053.600000,68.857000,3053.700000,88.372000,3053.800000,160.593000,3053.900000,3.427000,3054.000000,49.473000,3054.100000,48.311000,3054.200000,16.848000,3054.300000,38.583000,3054.400000,1.327000,3054.500000,126.559000
1764326087997,261590315065,3053.500000,84.033000,3053.400000,135.642000,3053.300000,57.586000,3053.200000,45.034000,3053.100000,108.588000,3053.000000,51.103000,3052.900000,86.231000,3052.800000,97.995000,3052.700000,1.081000,3052.600000,105.224000,3053.600000,68.675000,3053.700000,73.636000,3053.800000,160.593000,3053.900000,18.162000,3054.000000,49.473000,3054.100000,48.311000,3054.200000,16.848000,3054.300000,38.583000,3054.400000,50.450000,3054.500000,1.129000
1764326088263,261590319899,3053.500000,39.511000,3053.400000,135.642000,3053.300000,8.463000,3053.200000,45.034000,3053.100000,15.255000,3053.000000,51.103000,3052.900000,37.108000,3052.800000,4.222000,3052.700000,1.081000,3052.600000,56.101000,3053.600000,67.688000,3053.700000,24.513000,3053.800000,160.593000,3053.900000,18.162000,3054.000000,17.376000,3054.100000,4.101000,3054.200000,16.848000,3054.300000,38.583000,3054.400000,1.327000,3054.500000,1.129000
1764326088513,261590324545,3053.500000,38.072000,3053.400000,135.642000,3053.300000,57.586000,3053.200000,45.034000,3053.100000,59.465000,3053.000000,48.994000,3052.900000,37.108000,3052.800000,147.118000,3052.700000,1.081000,3052.600000,105.224000,3053.600000,68.883000,3053.700000,73.636000,3053.800000,160.593000,3053.900000,18.162000,3054.000000,49.473000,3054.100000,48.311000,3054.200000,16.848000,3054.300000,38.583000,3054.400000,1.327000,3054.500000,126.559000
1764326088769,261590329411,3053.500000,36.920000,3053.400000,135.642000,3053.300000,57.586000,3053.200000,45.034000,3053.100000,59.465000,3053.000000,28.968000,3052.900000,86.231000,3052.800000,4.222000,3052.700000,143.977000,3052.600000,56.101000,3053.600000,64.131000,3053.700000,73.636000,3053.800000,160.593000,3053.900000,18.162000,3054.000000,17.376000,3054.100000,48.311000,3054.200000,16.848000,3054.300000,38.583000,3054.400000,82.547000,3054.500000,1.129000
1764326089019,261590333723,3053.500000,35.266000,3053.400000,103.945000,3053.300000,74.144000,3053.200000,8.769000,3053.100000,59.465000,3053.000000,46.056000,3052.900000,103.697000,3052.800000,36.319000,3052.700000,94.414000,3052.600000,56.101000,3053.600000,68.232000,3053.700000,73.636000,3053.800000,160.593000,3053.900000,18.162000,3054.000000,36.621000,3054.100000,48.311000,3054.200000,16.848000,3054.300000,38.583000,3054.400000,1.327000,3054.500000,50.252000
1764326089275,261590338225,3053.500000,37.468000,3053.400000,127.425000,3053.300000,57.586000,3053.200000,45.360000,3053.100000,76.553000,3053.000000,28.968000,3052.900000,86.231000,3052.800000,53.785000,3052.700000,1.081000,3052.600000,56.101000,3053.600000,71.763000,3053.700000,73.636000,3053.800000,160.593000,3053.900000,50.259000,3054.000000,17.376000,3054.100000,48.311000,3054.200000,16.848000,3054.300000,38.583000,3054.400000,1.327000,3054.500000,82.349000
1764326089531,261590343099,3053.500000,34.282000,3053.400000,155.896000,3053.300000,57.586000,3053.200000,55.760000,3053.100000,108.588000,3053.000000,28.968000,3052.900000,37.108000,3052.800000,4.222000,3052.700000,143.977000,3052.600000,56.101000,3053.600000,45.070000,3053.700000,73.636000,3053.800000,160.593000,3053.900000,50.259000,3054.000000,17.376000,3054.100000,48.311000,3054.200000,16.848000,3054.300000,38.583000,3054.400000,1.327000,3054.500000,82.349000
1764326089791,261590350620,3053.200000,30.539000,3053.100000,7.602000,3053.000000,71.134000,3052.900000,5.837000,3052.800000,6.185000,3052.700000,113.183000,3052.600000,21.557000,3052.500000,82.112000,3052.400000,88.012000,3052.300000,4.294000,3053.300000,59.770000,3053.400000,98.251000,3053.500000,194.134000,3053.600000,44.501000,3053.700000,196.501000,3053.800000,33.489000,3053.900000,56.390000,3054.000000,17.085000,3054.100000,33.097000,3054.200000,144.208000
1764326090042,261590357647,3053.200000,61.832000,3053.100000,64.500000,3053.000000,56.550000,3052.900000,86.078000,3052.800000,176.967000,3052.700000,1.081000,3052.600000,134.082000,3052.500000,82.112000,3052.400000,100.125000,3052.300000,4.252000,3053.300000,39.533000,3053.400000,171.447000,3053.500000,64.526000,3053.600000,37.340000,3053.700000,0.019000,3053.800000,79.363000,3053.900000,56.390000,3054.000000,39.295000,3054.100000,50.123000,3054.200000,95.085000
1764326090292,261590363579,3053.200000,36.362000,3053.100000,49.127000,3053.000000,129.257000,3052.900000,30.375000,3052.800000,128.577000,3052.700000,44.312000,3052.600000,25.440000,3052.500000,132.468000,3052.400000,6.361000,3052.300000,63.564000,3053.300000,28.510000,3053.400000,120.472000,3053.500000,47.352000,3053.600000,47.204000,3053.700000,41.679000,3053.800000,90.994000,3053.900000,12.080000,3054.000000,1.431000,3054.100000,111.043000,3054.200000,15.539000
1764326090545,261590368928,3053.200000,31.411000,3053.100000,58.300000,3053.000000,134.454000,3052.900000,30.375000,3052.800000,118.834000,3052.700000,44.612000,3052.600000,63.307000,3052.500000,115.001000,3052.400000,6.361000,3052.300000,131.055000,3053.300000,104.141000,3053.400000,119.752000,3053.500000,47.352000,3053.600000,47.267000,3053.700000,41.679000,3053.800000,33.489000,3053.900000,12.330000,3054.000000,4.584000,3054.100000,49.087000,3054.200000,102.813000
1764326090804,261590375229,3053.200000,32.725000,3053.100000,105.360000,3053.000000,117.894000,3052.900000,47.464000,3052.800000,100.690000,3052.700000,44.612000,3052.600000,144.531000,3052.500000,33.777000,3052.400000,153.059000,3052.300000,54.478000,3053.300000,21.098000,3053.400000,141.004000,3053.500000,52.264000,3053.600000,47.288000,3053.700000,85.894000,3053.800000,33.489000,3053.900000,12.330000,3054.000000,12.032000,3054.100000,48.167000,3054.200000,73.959000
1764326091057,261590380645,3053.200000,32.725000,3053.100000,105.220000,3053.000000,117.894000,3052.900000,47.464000,3052.800000,100.690000,3052.700000,44.612000,3052.600000,112.434000,3052.500000,33.777000,3052.400000,136.029000,3052.300000,103.605000,3053.300000,29.074000,3053.400000,148.196000,3053.500000,52.264000,3053.600000,90.207000,3053.700000,44.731000,3053.800000,36.938000,3053.900000,12.330000,3054.000000,56.247000,3054.100000,36.049000,3054.200000,9.676000
1764326091307,261590385729,3053.200000,32.683000,3053.100000,50.790000,3053.000000,167.021000,3052.900000,47.464000,3052.800000,51.605000,3052.700000,93.739000,3052.600000,53.225000,3052.500000,57.711000,3052.400000,185.392000,3052.300000,54.415000,3053.300000,41.493000,3053.400000,132.156000,3053.500000,96.479000,3053.600000,64.462000,3053.700000,32.613000,3053.800000,78.269000,3053.900000,12.330000,3054.000000,4.542000,3054.100000,4.608000,3054.200000,147.251000
1764326091559,261590390252,3053.200000,32.683000,3053.100000,52.288000,3053.000000,167.021000,3052.900000,47.464000,3052.800000,51.605000,3052.700000,93.739000,3052.600000,53.225000,3052.500000,57.711000,3052.400000,123.710000,3052.300000,116.097000,3053.300000,41.265000,3053.400000,132.156000,3053.500000,18.342000,3053.600000,48.744000,3053.700000,76.828000,3053.800000,34.054000,3053.900000,12.330000,3054.000000,58.207000,3054.100000,4.608000,3054.200000,86.006000
1764326091810,261590395586,3053.200000,32.662000,3053.100000,95.499000,3053.000000,117.894000,3052.900000,47.464000,3052.800000,51.605000,3052.700000,93.739000,3052.600000,76.747000,3052.500000,33.777000,3052.400000,185.392000,3052.300000,54.394000,3053.300000,37.138000,3053.400000,132.156000,3053.500000,67.469000,3053.600000,39.748000,3053.700000,44.731000,3053.800000,43.244000,3053.900000,12.330000,3054.000000,80.833000,3054.100000,4.608000,3054.200000,67.965000
1764326092060,261590400245,3053.200000,32.641000,3053.100000,88.373000,3053.000000,133.215000,3052.900000,47.464000,3052.800000,51.626000,3052.700000,93.739000,3052.600000,76.747000,3052.500000,82.904000,3052.400000,92.050000,3052.300000,147.715000,3053.300000,42.313000,3053.400000,128.611000,3053.500000,111.684000,3053.600000,63.730000,3053.700000,19.107000,3053.800000,78.269000,3053.900000,12.330000,3054.000000,4.500000,3054.100000,36.705000,3054.200000,18.838000
1764326092310,261590405115,3053.200000,31.306000,3053.100000,92.057000,3053.000000,133.215000,3052.900000,30.375000,3052.800000,66.923000,3052.700000,93.739000,3052.600000,76.747000,3052.500000,33.777000,3052.400000,123.710000,3052.300000,116.013000,3053.300000,61.231000,3053.400000,115.770000,3053.500000,67.469000,3053.600000,37.703000,3053.700000,32.613000,3053.800000,78.269000,3053.900000,12.330000,3054.000000,15.435000,3054.100000,4.608000,3054.200000,112.180000
1764326092568,261590410237,3053.200000,31.306000,3053.100000,95.686000,3053.000000,133.215000,3052.900000,30.375000,3052.800000,66.965000,3052.700000,93.739000,3052.600000,65.277000,3052.500000,33.777000,3052.400000,185.392000,3052.300000,54.331000,3053.300000,60.812000,3053.400000,124.408000,3053.500000,67.469000,3053.600000,83.447000,3053.700000,44.731000,3053.800000,34.054000,3053.900000,12.330000,3054.000000,4.479000,3054.100000,80.920000,3054.200000,18.838000
1764326092820,261590415884,3053.200000,1.179000,3053.100000,3.398000,3053.000000,36.440000,3052.900000,49.127000,3052.800000,147.033000,3052.700000,31.517000,3052.600000,119.166000,3052.500000,77.879000,3052.400000,12.494000,3052.300000,54.268000,3053.300000,206.827000,3053.400000,130.934000,3053.500000,18.342000,3053.600000,35.818000,3053.700000,7.138000,3053.800000,56.138000,3053.900000,84.541000,3054.000000,201.053000,3054.100000,55.659000,3054.200000,85.279000
1764326093073,261590421441,3053.200000,7.035000,3053.100000,3.398000,3053.000000,35.096000,3052.900000,64.724000,3052.800000,131.753000,3052.700000,0.397000,3052.600000,91.533000,3052.500000,127.006000,3052.400000,12.494000,3052.300000,54.247000,3053.300000,276.032000,3053.400000,19.460000,3053.500000,67.469000,3053.600000,6.721000,3053.700000,0.516000,3053.800000,43.410000,3053.900000,52.444000,3054.000000,233.129000,3054.100000,6.532000,3054.200000,172.571000
1764326093324,261590426342,3053.200000,5.559000,3053.100000,3.398000,3053.000000,37.601000,3052.900000,64.724000,3052.800000,33.483000,3052.700000,163.370000,3052.600000,113.275000,3052.500000,77.879000,3052.400000,55.724000,3052.300000,54.247000,3053.300000,282.461000,3053.400000,19.460000,3053.500000,98.581000,3053.600000,6.721000,3053.700000,0.516000,3053.800000,55.070000,3053.900000,84.541000,3054.000000,231.881000,3054.100000,6.532000,3054.200000,172.571000
1764326093577,261590431588,3053.200000,5.517000,3053.100000,4.710000,3053.000000,15.584000,3052.900000,64.724000,3052.800000,33.504000,3052.700000,114.243000,3052.600000,113.275000,3052.500000,127.006000,3052.400000,6.597000,3052.300000,54.205000,3053.300000,287.766000,3053.400000,19.460000,3053.500000,98.581000,3053.600000,4.770000,3053.700000,0.516000,3053.800000,38.985000,3053.900000,84.541000,3054.000000,207.040000,3054.100000,6.532000,3054.200000,61.762000
1764326093828,261590438626,3053.200000,1.095000,3052.800000,50.117000,3052.700000,163.094000,3052.600000,6.214000,3052.500000,45.960000,3052.400000,53.100000,3052.300000,1.129000,3052.200000,56.213000,3052.100000,82.559000,3052.000000,81.593000,3053.300000,349.693000,3053.400000,5.495000,3053.500000,18.342000,3053.600000,14.973000,3053.700000,45.843000,3053.800000,71.082000,3053.900000,6.487000,3054.000000,157.927000,3054.100000,50.747000,3054.200000,12.788000
1764326094080,261590445098,3052.900000,21.858000,3052.800000,34.741000,3052.700000,163.099000,3052.600000,21.635000,3052.500000,45.960000,3052.400000,66.072000,3052.300000,76.430000,3052.200000,58.742000,3052.100000,33.432000,3052.000000,113.690000,3053.000000,188.078000,3053.200000,38.194000,3053.300000,107.380000,3053.400000,1.507000,3053.500000,3.137000,3053.600000,80.326000,3053.700000,58.787000,3053.800000,111.895000,3053.900000,50.415000,3054.000000,157.885000
1764326094332,261590449887,3052.900000,38.262000,3052.800000,29.883000,3052.700000,163.099000,3052.600000,21.635000,3052.500000,46.002000,3052.400000,72.279000,3052.300000,76.388000,3052.200000,76.427000,3052.100000,34.099000,3052.000000,113.690000,3053.000000,197.926000,3053.100000,125.448000,3053.200000,38.194000,3053.300000,63.203000,3053.400000,0.936000,3053.500000,3.137000,3053.600000,36.479000,3053.700000,77.944000,3053.800000,111.895000,3053.900000,251.798000
1764326094593,261590455018,3052.900000,31.552000,3052.800000,5.072000,3052.700000,49.229000,3052.600000,51.675000,3052.500000,30.449000,3052.400000,38.412000,3052.300000,179.545000,3052.200000,71.514000,3052.100000,34.099000,3052.000000,81.593000,3053.000000,187.447000,3053.100000,125.463000,3053.200000,38.194000,3053.300000,63.224000,3053.400000,0.936000,3053.500000,3.137000,3053.600000,4.031000,3053.700000,45.380000,3053.800000,63.470000,3053.900000,55.328000
1764326094850,261590461193,3052.800000,22.114000,3052.700000,10.857000,3052.600000,30.503000,3052.500000,52.295000,3052.400000,52.818000,3052.300000,0.961000,3052.200000,217.087000,3052.100000,33.432000,3052.000000,81.593000,3051.900000,55.037000,3052.900000,251.087000,3053.000000,45.311000,3053.100000,74.715000,3053.200000,10.204000,3053.300000,32.687000,3053.400000,220.817000,3053.500000,80.353000,3053.600000,3.130000,3053.700000,147.393000,3053.800000,47.842000
1764326095100,261590466295,3052.800000,22.114000,3052.700000,5.477000,3052.600000,37.461000,3052.500000,52.339000,3052.400000,53.334000,3052.300000,50.053000,3052.200000,25.447000,3052.100000,144.256000,3052.000000,112.720000,3051.900000,8.749000,3052.900000,189.707000,3053.000000,138.665000,3053.100000,61.612000,3053.200000,10.204000,3053.300000,80.227000,3053.400000,207.464000,3053.500000,4.037000,3053.600000,113.283000,3053.700000,147.393000,3053.800000,30.473000
1764326095351,261590471466,3052.800000,0.483000,3052.700000,0.097000,3052.500000,65.153000,3052.400000,22.473000,3052.300000,182.095000,3052.200000,33.478000,3052.100000,128.424000,3052.000000,30.393000,3051.900000,24.251000,3051.800000,128.175000,3052.900000,154.487000,3053.000000,121.628000,3053.100000,79.630000,3053.200000,26.996000,3053.300000,80.759000,3053.400000,23.181000,3053.500000,6.005000,3053.600000,96.785000,3053.700000,2.757000,3053.800000,30.647000
1764326095603,261590476714,3052.800000,27.507000,3052.700000,24.621000,3052.600000,207.116000,3052.500000,17.057000,3052.400000,87.585000,3052.300000,0.856000,3052.200000,127.348000,3052.100000,33.432000,3052.000000,80.480000,3051.900000,88.012000,3052.900000,62.947000,3053.000000,85.631000,3053.100000,128.756000,3053.200000,36.997000,3053.300000,37.469000,3053.400000,45.111000,3053.500000,6.005000,3053.600000,2.707000,3053.700000,83.988000,3053.800000,30.647000
1764326095853,261590481303,3052.800000,28.420000,3052.700000,86.613000,3052.600000,136.317000,3052.500000,1.811000,3052.400000,73.496000,3052.300000,14.200000,3052.200000,76.776000,3052.100000,132.133000,3052.000000,111.607000,3051.900000,100.135000,3052.900000,115.044000,3053.000000,169.728000,3053.100000,62.618000,3053.200000,59.260000,3053.300000,36.136000,3053.400000,18.407000,3053.500000,50.225000,3053.600000,29.855000,3053.700000,4.132000,3053.800000,175.536000
1764326096105,261590486179,3052.800000,27.507000,3052.700000,81.203000,3052.600000,136.317000,3052.500000,1.832000,3052.400000,24.362000,3052.300000,107.533000,3052.200000,32.556000,3052.100000,114.663000,3052.000000,111.607000,3051.900000,6.781000,3052.900000,62.640000,3053.000000,125.508000,3053.100000,111.752000,3053.200000,59.260000,3053.300000,80.377000,3053.400000,11.595000,3053.500000,6.005000,3053.600000,29.855000,3053.700000,80.449000,3053.800000,81.749000
1764326096356,261590490665,3052.800000,27.818000,3052.700000,37.913000,3052.600000,185.451000,3052.500000,1.853000,3052.400000,24.362000,3052.300000,107.512000,3052.200000,32.556000,3052.100000,114.663000,3052.000000,111.607000,3051.900000,117.605000,3052.900000,65.730000,3053.000000,125.508000,3053.100000,111.752000,3053.200000,59.260000,3053.300000,80.398000,3053.400000,11.595000,3053.500000,6.005000,3053.600000,29.855000,3053.700000,80.449000,3053.800000,82.733000
1764326096607,261590495337,3052.800000,33.349000,3052.700000,104.964000,3052.600000,103.864000,3052.500000,18.721000,3052.400000,56.669000,3052.300000,0.730000,3052.200000,125.910000,3052.100000,65.626000,3052.000000,111.607000,3051.900000,55.915000,3052.900000,110.101000,3053.000000,125.508000,3053.100000,62.618000,3053.200000,103.480000,3053.300000,36.220000,3053.400000,0.891000,3053.500000,12.444000,3053.600000,24.346000,3053.700000,85.428000,3053.800000,77.819000
1764326096857,261590499844,3052.800000,35.807000,3052.700000,79.910000,3052.600000,119.673000,3052.500000,18.766000,3052.400000,72.623000,3052.300000,0.664000,3052.200000,94.246000,3052.100000,114.760000,3052.000000,111.607000,3051.900000,6.781000,3052.900000,120.177000,3053.000000,125.508000,3053.100000,62.618000,3053.200000,103.480000,3053.300000,36.265000,3053.400000,0.891000,3053.500000,6.005000,3053.600000,36.490000,3053.700000,4.197000,3053.800000,109.916000
1764326097107,261590505062,3052.800000,30.565000,3052.700000,30.776000,3052.600000,168.807000,3052.500000,18.871000,3052.400000,23.489000,3052.300000,49.714000,3052.200000,94.246000,3052.100000,114.760000,3052.000000,111.607000,3051.900000,55.915000,3052.900000,117.440000,3053.000000,201.825000,3053.100000,62.618000,3053.200000,27.163000,3053.300000,36.349000,3053.400000,0.891000,3053.500000,9.607000,3053.600000,37.009000,3053.700000,97.551000,3053.800000,33.599000
1764326097357,261590509685,3052.800000,37.177000,3052.700000,79.910000,3052.600000,119.673000,3052.500000,18.871000,3052.400000,23.489000,3052.300000,49.693000,3052.200000,94.246000,3052.100000,114.760000,3052.000000,111.607000,3051.900000,55.915000,3052.900000,115.813000,3053.000000,169.728000,3053.100000,62.618000,3053.200000,59.260000,3053.300000,36.349000,3053.400000,0.891000,3053.500000,6.558000,3053.600000,75.081000,3053.700000,53.331000,3053.800000,33.599000
1764326097607,261590515012,3052.800000,33.919000,3052.700000,79.910000,3052.600000,103.864000,3052.500000,18.934000,3052.400000,30.550000,3052.300000,49.651000,3052.200000,94.246000,3052.100000,114.760000,3052.000000,111.607000,3051.900000,55.915000,3052.900000,66.902000,3053.000000,125.508000,3053.100000,111.752000,3053.200000,103.480000,3053.300000,36.412000,3053.400000,0.891000,3053.500000,6.332000,3053.600000,75.081000,3053.700000,4.197000,3053.800000,114.830000
1764326097857,261590523237,3052.800000,0.483000,3052.500000,0.612000,3052.300000,0.475000,3052.100000,0.097000,3052.000000,99.834000,3051.900000,12.438000,3051.700000,1.087000,3051.600000,80.413000,3051.500000,3.381000,3051.400000,118.119000,3052.900000,220.423000,3053.000000,92.305000,3053.100000,97.677000,3053.200000,36.379000,3053.300000,78.134000,3053.400000,148.272000,3053.500000,11.152000,3053.600000,33.807000,3053.700000,2.822000,3053.800000,82.559000
1764326098108,261590534153,3052.500000,0.630000,3052.300000,0.391000,3052.100000,18.551000,3052.000000,56.356000,3051.900000,122.951000,3051.800000,4.676000,3051.700000,110.685000,3051.600000,84.455000,3051.500000,79.105000,3051.400000,53.362000,3052.600000,232.763000,3052.800000,143.649000,3052.900000,62.404000,3053.000000,286.877000,3053.100000,30.670000,3053.200000,42.201000,3053.300000,35.253000,3053.400000,83.546000,3053.500000,5.332000,3053.600000,149.104000
1764326098358,261590541328,3052.300000,20.426000,3052.200000,0.021000,3052.100000,58.232000,3051.900000,22.526000,3051.800000,139.700000,3051.700000,94.197000,3051.600000,66.985000,3051.500000,118.228000,3051.400000,53.362000,3051.300000,3.955000,3052.400000,203.878000,3052.500000,143.108000,3052.600000,55.930000,3052.700000,0.490000,3052.800000,1.000000,3052.900000,3.669000,3053.000000,236.967000,3053.100000,106.972000,3053.200000,42.201000,3053.300000,35.316000
1764326098608,261590546760,3052.300000,10.545000,3052.200000,0.021000,3052.100000,0.097000,3052.000000,53.199000,3051.900000,129.786000,3051.800000,89.124000,3051.700000,0.843000,3051.600000,126.562000,3051.500000,19.527000,3051.400000,53.362000,3052.400000,200.564000,3052.500000,153.823000,3052.600000,55.930000,3052.700000,0.507000,3052.800000,45.262000,3052.900000,3.669000,3053.000000,117.438000,3053.100000,106.972000,3053.200000,42.529000,3053.300000,83.541000
1764326098860,261590554186,3052.300000,0.223000,3052.200000,0.021000,3052.100000,0.097000,3052.000000,0.105000,3051.900000,0.546000,3051.700000,21.377000,3051.600000,5.804000,3051.500000,0.104000,3051.400000,8.744000,3051.300000,15.380000,3052.400000,218.625000,3052.500000,284.747000,3052.600000,20.842000,3052.700000,150.021000,3052.800000,0.105000,3052.900000,34.728000,3053.000000,40.439000,3053.100000,31.037000,3053.200000,37.363000,3053.300000,33.804000
1764326099110,261590562960,3052.100000,0.097000,3052.000000,0.210000,3051.900000,0.525000,3051.700000,0.843000,3051.500000,5.920000,3051.400000,15.580000,3051.300000,49.166000,3051.200000,46.070000,3051.100000,49.376000,3051.000000,146.721000,3052.200000,412.832000,3052.300000,268.614000,3052.400000,31.570000,3052.500000,36.828000,3052.600000,110.801000,3052.700000,150.021000,3052.800000,32.496000,3052.900000,12.843000,3053.000000,89.584000,3053.100000,31.037000
1764326099360,261590569427,3051.500000,38.441000,3051.400000,24.179000,3051.300000,0.021000,3051.200000,36.871000,3051.100000,15.982000,3051.000000,48.293000,3050.900000,136.950000,3050.800000,5.815000,3050.700000,81.556000,3050.600000,0.428000,3051.600000,184.286000,3051.800000,59.083000,3052.000000,254.841000,3052.100000,6.142000,3052.200000,33.963000,3052.300000,43.284000,3052.400000,67.159000,3052.500000,36.235000,3052.600000,53.850000,3052.700000,150.195000
1764326099612,261590575948,3051.400000,18.508000,3051.300000,6.684000,3051.200000,79.963000,3051.100000,15.982000,3051.000000,82.211000,3050.900000,50.102000,3050.800000,89.139000,3050.700000,114.311000,3050.600000,48.915000,3050.500000,100.552000,3051.500000,187.558000,3051.600000,61.743000,3051.700000,81.242000,3051.800000,36.826000,3052.000000,196.983000,3052.100000,51.668000,3052.200000,30.749000,3052.300000,52.771000,3052.400000,67.159000,3052.500000,147.174000
1764326099868,261590581288,3051.400000,6.647000,3051.300000,0.021000,3051.200000,73.140000,3051.100000,17.621000,3051.000000,91.959000,3050.900000,34.357000,3050.800000,125.768000,3050.700000,109.397000,3050.600000,126.593000,3050.500000,35.205000,3051.500000,184.794000,3051.600000,99.281000,3051.700000,81.242000,3051.800000,97.198000,3052.000000,0.433000,3052.100000,74.305000,3052.200000,227.306000,3052.300000,48.265000,3052.400000,159.165000,3052.500000,36.324000
1764326100119,261590587466,3051.400000,6.647000,3051.300000,14.678000,3051.200000,81.989000,3051.100000,1.912000,3051.000000,107.777000,3050.900000,78.598000,3050.800000,128.718000,3050.700000,65.166000,3050.600000,170.849000,3050.500000,35.121000,3051.500000,175.291000,3051.600000,99.299000,3051.700000,65.297000,3051.800000,109.832000,3052.000000,1.740000,3052.100000,6.142000,3052.200000,34.005000,3052.300000,44.745000,3052.400000,167.273000,3052.500000,44.563000
1764326100369,261590599924,3051.400000,0.021000,3051.300000,0.021000,3051.200000,0.063000,3051.100000,0.273000,3051.000000,0.063000,3050.800000,1.639000,3050.700000,49.156000,3050.600000,5.897000,3050.500000,3.320000,3050.400000,24.739000,3051.500000,350.592000,3051.600000,217.739000,3051.700000,2.683000,3051.800000,60.060000,3051.900000,44.905000,3052.000000,32.430000,3052.100000,176.840000,3052.200000,32.039000,3052.300000,113.912000,3052.400000,31.379000
1764326100619,261590610739,3051.200000,0.063000,3051.100000,0.273000,3051.000000,0.105000,3050.900000,15.609000,3050.800000,65.523000,3050.600000,69.237000,3050.500000,52.387000,3050.400000,125.333000,3050.300000,129.523000,3050.200000,35.976000,3051.300000,322.369000,3051.400000,37.239000,3051.500000,83.549000,3051.600000,4.204000,3051.700000,244.362000,3051.800000,93.829000,3051.900000,0.664000,3052.000000,99.781000,3052.100000,176.840000,3052.200000,80.904000
1764326100869,261590618596,3051.200000,0.063000,3051.100000,0.273000,3051.000000,0.189000,3050.900000,15.912000,3050.800000,71.216000,3050.700000,15.711000,3050.600000,55.053000,3050.500000,47.430000,3050.400000,125.333000,3050.300000,85.282000,3051.300000,192.764000,3051.400000,34.431000,3051.500000,65.952000,3051.600000,48.448000,3051.700000,204.081000,3051.800000,94.070000,3051.900000,44.905000,3052.000000,108.107000,3052.100000,176.840000,3052.200000,32.732000
1764326101119,261590626339,3051.200000,33.444000,3051.100000,15.540000,3051.000000,64.497000,3050.900000,11.098000,3050.800000,75.014000,3050.700000,31.961000,3050.600000,194.592000,3050.500000,3.105000,3050.400000,33.427000,3050.300000,179.106000,3051.300000,11.905000,3051.400000,145.092000,3051.500000,82.594000,3051.600000,64.886000,3051.700000,61.808000,3051.800000,66.031000,3051.900000,4.090000,3052.000000,22.350000,3052.100000,29.271000,3052.200000,144.599000
1764326101370,261590633430,3051.200000,28.127000,3051.100000,13.484000,3051.000000,49.349000,3050.900000,26.398000,3050.800000,107.062000,3050.700000,130.299000,3050.600000,72.959000,3050.500000,3.105000,3050.400000,57.130000,3050.300000,36.126000,3051.300000,90.122000,3051.400000,207.691000,3051.500000,48.854000,3051.600000,56.002000,3051.800000,77.304000,3051.900000,48.334000,3052.000000,56.842000,3052.100000,59.929000,3052.200000,33.716000,3052.300000,114.094000
1764326101620,261590640552,3051.200000,27.836000,3051.100000,49.433000,3051.000000,17.975000,3050.900000,5.897000,3050.800000,66.157000,3050.700000,31.961000,3050.600000,62.961000,3050.500000,199.717000,3050.400000,33.302000,3050.300000,36.126000,3051.300000,206.271000,3051.400000,81.496000,3051.500000,33.434000,3051.600000,47.384000,3051.800000,66.106000,3051.900000,4.090000,3052.000000,56.842000,3052.100000,104.173000,3052.200000,236.192000,3052.300000,69.850000
1764326101870,261590650586,3051.200000,0.063000,3051.100000,0.273000,3051.000000,0.189000,3050.800000,0.210000,3050.500000,0.054000,3050.400000,0.110000,3050.300000,53.133000,3050.200000,19.829000,3050.100000,7.647000,3050.000000,116.664000,3051.300000,329.900000,3051.400000,250.292000,3051.500000,33.608000,3051.600000,102.003000,3051.700000,17.479000,3051.800000,233.907000,3051.900000,76.831000,3052.000000,22.350000,3052.100000,69.331000,3052.200000,74.187000
1764326102120,261590658890,3050.400000,71.882000,3050.300000,0.063000,3050.200000,6.227000,3050.100000,73.200000,3050.000000,50.028000,3049.900000,134.999000,3049.800000,101.917000,3049.700000,100.285000,3049.600000,1.968000,3049.500000,94.472000,3050.500000,10.457000,3050.600000,1.458000,3050.700000,44.247000,3050.800000,17.569000,3050.900000,21.479000,3051.100000,499.679000,3051.200000,7.028000,3051.300000,0.391000,3051.400000,27.140000,3051.500000,33.608000
1764326102370,261590666117,3050.400000,42.016000,3050.300000,0.063000,3050.200000,41.250000,3050.100000,72.395000,3050.000000,45.197000,3049.900000,211.536000,3049.800000,62.110000,3049.700000,115.041000,3049.600000,96.378000,3049.500000,25.462000,3050.500000,116.894000,3050.600000,17.112000,3050.700000,80.304000,3050.800000,21.667000,3050.900000,76.735000,3051.100000,266.079000,3051.200000,1.517000,3051.400000,153.538000,3051.500000,33.629000,3051.600000,56.851000
1764326102621,261590673233,3050.400000,43.268000,3050.300000,5.999000,3050.200000,70.542000,3050.100000,23.190000,3050.000000,28.783000,3049.900000,113.173000,3049.800000,47.673000,3049.700000,115.041000,3049.600000,128.475000,3049.500000,25.462000,3050.500000,129.345000,3050.600000,17.126000,3050.700000,80.304000,3050.800000,61.816000,3050.900000,55.505000,3051.000000,208.805000,3051.100000,40.699000,3051.200000,1.517000,3051.300000,30.339000,3051.400000,126.398000
1764326102871,261590683702,3050.300000,0.063000,3050.200000,0.008000,3050.100000,1.624000,3050.000000,2.934000,3049.900000,6.264000,3049.800000,0.042000,3049.600000,15.155000,3049.500000,17.626000,3049.400000,80.817000,3049.300000,89.801000,3050.500000,289.194000,3050.600000,228.793000,3050.700000,3.278000,3050.800000,3.626000,3050.900000,4.304000,3051.000000,15.236000,3051.100000,163.244000,3051.200000,45.717000,3051.300000,148.500000,3051.400000,0.891000
1764326103122,261590695214,3050.300000,0.063000,3050.200000,0.008000,3050.100000,1.519000,3050.000000,2.934000,3049.900000,2.176000,3049.800000,0.042000,3049.700000,18.621000,3049.600000,51.011000,3049.500000,0.171000,3049.400000,55.346000,3050.500000,250.427000,3050.600000,0.014000,3050.800000,129.791000,3050.900000,3.304000,3051.000000,180.371000,3051.100000,88.505000,3051.200000,51.549000,3051.300000,1.001000,3051.400000,32.988000,3051.500000,78.953000
1764326103374,261590706281,3050.000000,2.934000,3049.900000,2.176000,3049.800000,0.042000,3049.700000,4.524000,3049.600000,15.034000,3049.500000,59.685000,3049.400000,55.257000,3049.300000,84.796000,3049.200000,34.119000,3049.100000,157.512000,3050.100000,361.339000,3050.200000,109.824000,3050.300000,235.602000,3050.400000,2.011000,3050.500000,34.285000,3050.600000,15.461000,3050.700000,44.256000,3050.800000,53.438000,3050.900000,69.961000,3051.000000,290.244000
