unix_timestamp_ms,lastUpdateId,bid_price_0,bid_qty_0,bid_price_1,bid_qty_1,bid_price_2,bid_qty_2,bid_price_3,bid_qty_3,bid_price_4,bid_qty_4,bid_price_5,bid_qty_5,bid_price_6,bid_qty_6,bid_price_7,bid_qty_7,bid_price_8,bid_qty_8,bid_price_9,bid_qty_9,ask_price_0,ask_qty_0,ask_price_1,ask_qty_1,ask_price_2,ask_qty_2,ask_price_3,ask_qty_3,ask_price_4,ask_qty_4,ask_price_5,ask_qty_5,ask_price_6,ask_qty_6,ask_price_7,ask_qty_7,ask_price_8,ask_qty_8,ask_price_9,ask_qty_9
1764326043348,261589111207,1.110300,11792.940000,1.110200,34234.040000,1.110100,11489.660000,1.110000,16713.980000,1.109900,31852.910000,1.109800,33955.620000,1.109700,16297.170000,1.109600,30601.640000,1.109500,17548.590000,1.109400,17669.170000,1.110400,2170.020000,1.110500,2616.880000,1.110600,3263.080000,1.110700,11706.450000,1.110800,7738.990000,1.110900,24146.310000,1.111000,13294.470000,1.111100,15153.720000,1.111200,39834.160000,1.111300,64868.880000
1764326050327,261589329423,1.111600,2728.750000,1.111500,208.980000,1.111400,6890.830000,1.111300,17132.600000,1.111200,14311.470000,1.111100,25723.400000,1.111000,7472.960000,1.110900,45994.610000,1.110800,36775.000000,1.110700,7610.940000,1.111700,31662.110000,1.111800,13150.300000,1.111900,4677.250000,1.112000,18436.660000,1.112100,34666.120000,1.112200,9834.040000,1.112300,28692.350000,1.112400,9606.730000,1.112500,26104.860000,1.112600,15526.920000
1764326050581,261589336930,1.111600,624.910000,1.111500,2120.280000,1.111400,15619.640000,1.111300,8402.900000,1.111200,14311.470000,1.111100,25723.400000,1.111000,7472.960000,1.110900,45994.610000,1.110800,36775.000000,1.110700,7610.940000,1.111700,34936.420000,1.111800,14343.560000,1.111900,9071.440000,1.112000,32651.550000,1.112100,34678.290000,1.112200,9834.040000,1.112300,23837.270000,1.112400,9606.730000,1.112500,26104.860000,1.112600,15526.920000
1764326050846,261589344029,1.111600,397.060000,1.111500,805.940000,1.111400,15915.640000,1.111300,10033.840000,1.111200,14311.470000,1.111100,25723.400000,1.111000,7472.960000,1.110900,45994.610000,1.110800,36775.000000,1.110700,7610.940000,1.111700,33882.420000,1.111800,14343.560000,1.111900,10817.710000,1.112000,32651.550000,1.112100,34690.270000,1.112200,9834.040000,1.112300,23837.270000,1.112400,9606.730000,1.112500,26104.860000,1.112600,15526.920000
1764326051098,261589350769,1.111600,955.440000,1.111500,805.940000,1.111400,15619.640000,1.111300,10033.840000,1.111200,14311.470000,1.111100,27421.660000,1.111000,5774.550000,1.110900,45994.610000,1.110800,36775.000000,1.110700,7610.940000,1.111700,33706.420000,1.111800,14343.560000,1.111900,10817.710000,1.112000,32651.550000,1.112100,34800.630000,1.112200,9834.040000,1.112300,24321.740000,1.112400,9606.730000,1.112500,26104.860000,1.112600,15526.920000
1764326051348,261589358413,1.111600,584.920000,1.111500,1254.720000,1.111400,15170.860000,1.111300,10033.840000,1.111200,14990.710000,1.111100,25044.100000,1.111000,7472.960000,1.110900,45994.610000,1.110800,27559.450000,1.110700,7610.940000,1.111700,33706.420000,1.111800,15034.050000,1.111900,10817.710000,1.112000,23849.960000,1.112100,7056.750000,1.112200,9834.040000,1.112300,51968.390000,1.112400,9606.730000,1.112500,26104.860000,1.112600,15526.920000
1764326051605,261589366946,1.111700,42372.000000,1.111600,34935.400000,1.111500,17507.500000,1.111400,6442.050000,1.111300,3630.710000,1.111200,12089.790000,1.111100,47431.510000,1.111000,7472.960000,1.110900,30295.230000,1.110800,19661.790000,1.111800,2829.050000,1.111900,2272.900000,1.112000,615.380000,1.112100,1037.430000,1.112200,112.810000,1.112300,333.420000,1.112400,946.320000,1.112500,1183.340000,1.112600,85.560000,1.112700,60.770000
1764326051856,261589374832,1.112400,37470.750000,1.112300,1921.200000,1.112200,3015.000000,1.112100,7293.220000,1.112000,21306.190000,1.111900,32606.200000,1.111800,26601.920000,1.111700,43882.160000,1.111600,24906.710000,1.111500,17949.110000,1.112500,88.950000,1.112600,401.270000,1.112700,351.780000,1.112800,2418.960000,1.112900,395.400000,1.113000,4531.350000,1.113100,11580.010000,1.113200,4202.000000,1.113300,10920.030000,1.113400,18288.920000
1764326052106,261589381890,1.112600,28030.570000,1.112500,3070.780000,1.112400,29579.470000,1.112300,35140.590000,1.112200,5053.030000,1.112100,5843.220000,1.112000,17054.460000,1.111900,2298.830000,1.111800,32490.580000,1.111700,34100.510000,1.112700,4882.770000,1.112800,6198.620000,1.112900,395.400000,1.113000,4531.350000,1.113100,11726.920000,1.113200,4295.540000,1.113300,9590.860000,1.113400,22640.520000,1.113500,21241.740000,1.113600,34413.390000
1764326052361,261589388343,1.112600,59002.150000,1.112500,8974.420000,1.112400,11831.250000,1.112300,34422.240000,1.112200,2940.510000,1.112100,21020.060000,1.112000,20637.220000,1.111900,12002.560000,1.111800,25732.920000,1.111700,28068.890000,1.112700,60.770000,1.112800,6198.620000,1.112900,3746.500000,1.113000,942.880000,1.113100,3285.180000,1.113200,14180.130000,1.113300,12554.220000,1.113400,20515.810000,1.113500,11571.370000,1.113600,15705.560000
1764326052611,261589395745,1.112700,47059.200000,1.112600,46551.110000,1.112500,5382.640000,1.112400,24450.430000,1.112300,6775.590000,1.112200,333.000000,1.112100,30395.520000,1.112000,28606.470000,1.111900,3134.720000,1.111800,20673.440000,1.112800,1535.280000,1.112900,97.360000,1.113000,3186.010000,1.113100,4524.310000,1.113200,6654.220000,1.113300,21189.550000,1.113400,21329.870000,1.113500,11571.370000,1.113600,26760.090000,1.113700,70118.390000
1764326052867,261589402935,1.112800,37971.260000,1.112700,6432.390000,1.112600,16414.420000,1.112500,6769.550000,1.112400,31478.220000,1.112300,34422.240000,1.112200,333.000000,1.112100,30395.520000,1.112000,28606.470000,1.111900,7078.970000,1.112900,3693.020000,1.113000,3186.010000,1.113100,6312.400000,1.113200,13147.190000,1.113300,10799.020000,1.113400,22440.430000,1.113500,14804.620000,1.113600,26760.090000,1.113700,70118.390000,1.113800,42979.330000
1764326053119,261589411368,1.112800,38173.710000,1.112700,6432.390000,1.112600,49229.700000,1.112500,5072.810000,1.112400,28005.550000,1.112300,6775.590000,1.112200,333.000000,1.112100,30395.520000,1.112000,28606.470000,1.111900,3134.720000,1.112900,3693.020000,1.113000,3186.010000,1.113100,6312.400000,1.113200,13147.190000,1.113300,10893.300000,1.113400,22440.430000,1.113500,14804.620000,1.113600,26760.090000,1.113700,70118.390000,1.113800,39311.420000
1764326053371,261589418050,1.112800,38334.110000,1.112700,6432.390000,1.112600,21583.050000,1.112500,5072.810000,1.112400,28705.190000,1.112300,34422.240000,1.112200,333.000000,1.112100,30395.520000,1.112000,27770.580000,1.111900,3134.720000,1.112900,3693.020000,1.113000,3186.010000,1.113100,2866.700000,1.113200,11542.310000,1.113300,6054.380000,1.113400,22440.430000,1.113500,14804.620000,1.113600,26309.340000,1.113700,70589.140000,1.113800,39311.420000
1764326053622,261589436060,1.112800,71890.750000,1.112700,10600.560000,1.112600,35437.510000,1.112500,4097.330000,1.112400,31673.720000,1.112300,9328.920000,1.112200,6856.670000,1.112100,31535.520000,1.112000,56927.280000,1.111900,3140.270000,1.112900,50.330000,1.113000,3186.010000,1.113100,2646.650000,1.113200,94.110000,1.113300,5038.120000,1.113400,6365.360000,1.113500,18089.440000,1.113600,3689.070000,1.113700,40766.580000,1.113800,32871.670000
1764326053872,261589446289,1.112900,50483.680000,1.112800,29991.020000,1.112700,5894.370000,1.112600,12403.860000,1.112500,2295.680000,1.112400,59320.370000,1.112300,9328.920000,1.112200,6856.670000,1.112100,31535.520000,1.112000,56968.360000,1.113000,862.250000,1.113100,67.340000,1.113200,4016.760000,1.113300,9022.550000,1.113400,6262.470000,1.113500,18089.440000,1.113600,9303.170000,1.113700,45416.070000,1.113800,54502.100000,1.113900,26810.600000
1764326054128,261589454581,1.112900,50292.520000,1.112800,29991.020000,1.112700,5894.370000,1.112600,10707.270000,1.112500,2295.680000,1.112400,59320.370000,1.112300,9328.920000,1.112200,6856.670000,1.112100,33635.520000,1.112000,58718.360000,1.113000,845.790000,1.113100,67.340000,1.113200,3059.830000,1.113300,9022.550000,1.113400,6225.220000,1.113500,18089.440000,1.113600,9303.170000,1.113700,45416.070000,1.113800,54502.100000,1.113900,26810.600000
1764326054389,261589461160,1.112900,51421.390000,1.112800,29312.510000,1.112700,5894.370000,1.112600,12404.020000,1.112500,29942.330000,1.112400,31673.720000,1.112300,9328.920000,1.112200,6856.670000,1.112100,33635.520000,1.112000,58718.360000,1.113000,4372.440000,1.113100,2904.750000,1.113200,4514.660000,1.113300,5824.500000,1.113400,6362.750000,1.113500,18089.440000,1.113600,9303.170000,1.113700,45416.070000,1.113800,54502.100000,1.113900,26810.600000
1764326054640,261589468248,1.112900,33824.510000,1.112800,12417.790000,1.112700,6033.240000,1.112600,16897.990000,1.112500,30275.330000,1.112400,32339.720000,1.112300,6775.590000,1.112200,6856.670000,1.112100,33285.520000,1.112000,58018.360000,1.113000,4372.440000,1.113100,67.340000,1.113200,8216.080000,1.113300,22582.150000,1.113400,19206.690000,1.113500,8746.890000,1.113600,9303.170000,1.113700,45416.070000,1.113800,61657.190000,1.113900,26359.850000
1764326054894,261589475672,1.112900,33257.620000,1.112800,12417.790000,1.112700,6033.240000,1.112600,16897.990000,1.112500,30275.330000,1.112400,32339.720000,1.112300,6775.590000,1.112200,6856.670000,1.112100,33285.520000,1.112000,58018.360000,1.113000,5543.940000,1.113100,1129.320000,1.113200,8216.080000,1.113300,22582.150000,1.113400,18888.400000,1.113500,9582.780000,1.113600,11958.180000,1.113700,45416.070000,1.113800,61657.190000,1.113900,26359.850000
1764326055144,261589483442,1.112900,33904.320000,1.112800,12417.790000,1.112700,6033.240000,1.112600,16897.990000,1.112500,30275.330000,1.112400,32339.720000,1.112300,6775.590000,1.112200,6856.670000,1.112100,33285.520000,1.112000,58018.360000,1.113000,4372.440000,1.113100,67.340000,1.113200,8216.080000,1.113300,22582.150000,1.113400,18888.400000,1.113500,9582.780000,1.113600,11958.180000,1.113700,45416.070000,1.113800,61657.190000,1.113900,26359.850000
1764326055394,261589491615,1.112900,33810.220000,1.112800,12556.650000,1.112700,6572.960000,1.112600,12404.020000,1.112500,31607.330000,1.112400,32339.720000,1.112300,6775.590000,1.112200,6856.670000,1.112100,33285.520000,1.112000,58018.360000,1.113000,4372.440000,1.113100,67.340000,1.113200,8216.080000,1.113300,22582.150000,1.113400,19012.690000,1.113500,9582.780000,1.113600,11958.180000,1.113700,45416.070000,1.113800,61657.190000,1.113900,26359.850000
1764326055705,261589499742,1.112900,33928.020000,1.112800,12556.650000,1.112700,11741.290000,1.112600,7235.230000,1.112500,31607.330000,1.112400,32339.720000,1.112300,6775.590000,1.112200,6856.670000,1.112100,33285.520000,1.112000,58018.360000,1.113000,4372.440000,1.113100,67.340000,1.113200,8216.080000,1.113300,22582.150000,1.113400,19081.540000,1.113500,9582.780000,1.113600,11958.180000,1.113700,45416.070000,1.113800,61657.190000,1.113900,26359.850000
1764326055977,261589509084,1.112900,14702.110000,1.112800,16697.300000,1.112700,16234.860000,1.112600,7235.230000,1.112500,31607.330000,1.112400,32339.720000,1.112300,6775.590000,1.112200,6856.670000,1.112100,33285.520000,1.112000,68518.360000,1.113000,5543.940000,1.113100,67.340000,1.113200,14522.710000,1.113300,11692.510000,1.113400,19180.640000,1.113500,9582.780000,1.113600,21073.730000,1.113700,35366.820000,1.113800,58004.100000,1.113900,18578.030000
1764326056268,261589518341,1.112900,13044.310000,1.112800,15697.300000,1.112700,6894.370000,1.112600,21391.960000,1.112500,3960.680000,1.112400,56024.010000,1.112300,6775.590000,1.112200,6856.670000,1.112100,33285.520000,1.112000,68518.360000,1.113000,14633.940000,1.113100,2699.040000,1.113200,14621.970000,1.113300,12242.500000,1.113400,19241.570000,1.113500,9582.780000,1.113600,11858.180000,1.113700,35366.820000,1.113800,67219.650000,1.113900,18578.030000
1764326056520,261589524759,1.112900,13300.970000,1.112800,15998.300000,1.112700,7033.240000,1.112600,18172.840000,1.112500,3960.680000,1.112400,56024.010000,1.112300,6775.590000,1.112200,6856.670000,1.112100,33285.520000,1.112000,68518.360000,1.113000,5543.940000,1.113100,2699.040000,1.113200,15172.010000,1.113300,11692.510000,1.113400,21127.340000,1.113500,9582.780000,1.113600,9203.170000,1.113700,38602.560000,1.113800,67219.650000,1.113900,18578.030000
1764326056798,261589532606,1.112900,12812.880000,1.112800,15998.300000,1.112700,7033.240000,1.112600,18172.840000,1.112500,3960.680000,1.112400,56024.010000,1.112300,6775.590000,1.112200,6856.670000,1.112100,33285.520000,1.112000,68518.360000,1.113000,5543.940000,1.113100,6363.680000,1.113200,14522.710000,1.113300,9608.500000,1.113400,21157.890000,1.113500,9582.780000,1.113600,9203.170000,1.113700,38602.560000,1.113800,67219.650000,1.113900,18578.030000
1764326057069,261589542118,1.112900,5651.200000,1.112800,15898.300000,1.112700,6894.370000,1.112600,22766.810000,1.112500,3960.680000,1.112400,55025.010000,1.112300,6775.590000,1.112200,6856.670000,1.112100,33285.520000,1.112000,68518.360000,1.113000,5543.940000,1.113100,15818.790000,1.113200,5064.700000,1.113300,10754.720000,1.113400,21043.800000,1.113500,9582.780000,1.113600,9653.920000,1.113700,38151.810000,1.113800,58452.710000,1.113900,18830.920000
1764326057333,261589548692,1.112900,11925.630000,1.112800,15898.300000,1.112700,6894.370000,1.112600,22766.810000,1.112500,3960.680000,1.112400,55025.010000,1.112300,6775.590000,1.112200,6856.670000,1.112100,33285.520000,1.112000,68518.360000,1.113000,5543.940000,1.113100,14022.980000,1.113200,5064.700000,1.113300,10754.720000,1.113400,21160.650000,1.113500,37229.430000,1.113600,9653.920000,1.113700,32995.770000,1.113800,40021.610000,1.113900,18830.920000
1764326057610,261589557182,1.112900,11057.570000,1.112800,15898.300000,1.112700,6894.370000,1.112600,22766.810000,1.112500,3960.680000,1.112400,55025.010000,1.112300,6775.590000,1.112200,6856.670000,1.112100,33285.520000,1.112000,68666.230000,1.113000,4645.940000,1.113100,10358.340000,1.113200,5064.700000,1.113300,10754.720000,1.113400,20907.400000,1.113500,37229.430000,1.113600,9653.920000,1.113700,32995.770000,1.113800,40021.610000,1.113900,18830.920000
1764326057861,261589563877,1.112900,12034.770000,1.112800,15898.300000,1.112700,6894.370000,1.112600,22766.810000,1.112500,3960.680000,1.112400,55025.010000,1.112300,6775.590000,1.112200,6856.670000,1.112100,33285.520000,1.112000,68666.230000,1.113000,4645.940000,1.113100,10358.340000,1.113200,6417.070000,1.113300,14597.830000,1.113400,21188.180000,1.113500,37229.430000,1.113600,9653.920000,1.113700,32995.770000,1.113800,40021.610000,1.113900,18830.920000
1764326058122,261589573625,1.112900,180.000000,1.112800,682.740000,1.112700,5690.390000,1.112600,5054.280000,1.112500,2149.480000,1.112400,27601.640000,1.112300,13070.780000,1.112200,12568.180000,1.112100,37577.860000,1.112000,58166.230000,1.113000,37252.480000,1.113100,903.230000,1.113200,5967.030000,1.113300,15912.510000,1.113400,30187.370000,1.113500,36423.500000,1.113600,11507.840000,1.113700,34111.430000,1.113800,47764.470000,1.113900,17810.300000
1764326058375,261589580945,1.112900,188.240000,1.112800,381.740000,1.112700,4989.690000,1.112600,12351.950000,1.112500,1149.480000,1.112400,28051.580000,1.112300,15458.740000,1.112200,36741.430000,1.112100,36437.860000,1.112000,58166.230000,1.113000,12573.630000,1.113100,4359.000000,1.113200,5967.030000,1.113300,13061.170000,1.113400,30785.760000,1.113500,35972.750000,1.113600,9801.390000,1.113700,33028.670000,1.113800,47764.470000,1.113900,17810.300000
1764326058626,261589588520,1.112700,2563.370000,1.112600,9558.890000,1.112500,4582.020000,1.112400,13981.120000,1.112300,15458.740000,1.112200,36741.430000,1.112100,36437.860000,1.112000,58166.230000,1.111900,9248.430000,1.111800,18376.430000,1.112800,40126.560000,1.112900,16543.810000,1.113000,2890.600000,1.113100,1213.770000,1.113200,3187.100000,1.113300,13948.090000,1.113400,34369.730000,1.113500,34694.780000,1.113600,9269.550000,1.113700,33028.670000
1764326058882,261589595545,1.112700,6903.260000,1.112600,9558.890000,1.112500,4582.020000,1.112400,32129.640000,1.112300,12486.790000,1.112200,36741.430000,1.112100,37773.860000,1.112000,58166.230000,1.111900,9248.430000,1.111800,18376.430000,1.112800,7495.890000,1.112900,16543.810000,1.113000,2890.600000,1.113100,2236.190000,1.113200,6557.500000,1.113300,12633.410000,1.113400,32450.730000,1.113500,34694.780000,1.113600,9269.550000,1.113700,33028.670000
1764326059132,261589602353,1.112700,7724.750000,1.112600,9558.890000,1.112500,6498.220000,1.112400,35602.190000,1.112300,9013.700000,1.112200,36741.430000,1.112100,37773.860000,1.112000,58166.230000,1.111900,9248.430000,1.111800,18376.430000,1.112800,6324.390000,1.112900,10094.800000,1.113000,11720.800000,1.113100,2236.190000,1.113200,6386.300000,1.113300,12633.410000,1.113400,32450.730000,1.113500,34694.780000,1.113600,9269.550000,1.113700,33028.670000
1764326059393,261589610533,1.112700,2054.010000,1.112600,7190.240000,1.112500,13795.940000,1.112400,35834.880000,1.112300,13508.240000,1.112200,9427.780000,1.112100,41247.350000,1.112000,85812.880000,1.111900,9248.430000,1.111800,18376.430000,1.112800,1171.500000,1.112900,15745.110000,1.113000,3149.470000,1.113100,2523.980000,1.113200,6414.620000,1.113300,12633.410000,1.113400,32221.120000,1.113500,34694.780000,1.113600,9269.550000,1.113700,33029.000000
1764326059650,261589617875,1.112700,9290.310000,1.112600,454.600000,1.112500,15217.680000,1.112400,38958.960000,1.112300,36660.350000,1.112200,9427.780000,1.112100,37773.860000,1.112000,58166.230000,1.111900,9248.430000,1.111800,18376.430000,1.112800,4574.440000,1.112900,15745.110000,1.113000,3149.470000,1.113100,2236.190000,1.113200,6354.430000,1.113300,12633.410000,1.113400,32414.770000,1.113500,34694.780000,1.113600,9269.550000,1.113700,33029.000000
1764326059956,261589628171,1.112700,22196.820000,1.112600,871.600000,1.112500,12219.340000,1.112400,33854.780000,1.112300,10160.270000,1.112200,7189.670000,1.112100,35535.750000,1.112000,58166.230000,1.111900,9248.430000,1.111800,18376.430000,1.112800,3915.240000,1.112900,1888.520000,1.113000,2528.290000,1.113100,1571.620000,1.113200,5713.650000,1.113300,12633.410000,1.113400,22701.400000,1.113500,7498.880000,1.113600,9269.550000,1.113700,32007.860000
1764326060206,261589637713,1.112700,907.550000,1.112600,6658.810000,1.112500,13449.240000,1.112400,8437.140000,1.112300,14639.940000,1.112200,5689.450000,1.112100,39009.130000,1.112000,47666.230000,1.111900,11486.540000,1.111800,36807.530000,1.112800,16362.180000,1.112900,6104.270000,1.113000,2911.350000,1.113100,2049.660000,1.113200,8709.830000,1.113300,17576.930000,1.113400,29422.400000,1.113500,37706.450000,1.113600,8671.330000,1.113700,33029.000000
1764326060456,261589644456,1.112700,402.320000,1.112600,7701.790000,1.112500,12796.130000,1.112400,12114.560000,1.112300,14639.940000,1.112200,666.000000,1.112100,66655.780000,1.112000,49904.340000,1.111900,9248.430000,1.111800,18376.430000,1.112800,11869.490000,1.112900,5857.630000,1.113000,2911.350000,1.113100,2868.840000,1.113200,8582.530000,1.113300,17576.930000,1.113400,30849.580000,1.113500,37706.450000,1.113600,8671.330000,1.113700,33029.000000
1764326060715,261589650570,1.112600,7088.420000,1.112500,12796.130000,1.112400,12371.230000,1.112300,14639.940000,1.112200,666.000000,1.112100,66655.780000,1.112000,50572.340000,1.111900,9248.430000,1.111800,18376.430000,1.111700,11316.000000,1.112700,6927.510000,1.112800,12001.720000,1.112900,5857.630000,1.113000,2911.350000,1.113100,2998.080000,1.113200,8723.680000,1.113300,17576.930000,1.113400,29422.400000,1.113500,39038.450000,1.113600,8671.330000
1764326060978,261589660894,1.112600,6620.930000,1.112500,12796.130000,1.112400,12371.230000,1.112300,14639.940000,1.112200,666.000000,1.112100,66655.780000,1.112000,50572.340000,1.111900,9248.430000,1.111800,18376.430000,1.111700,11316.000000,1.112700,7080.230000,1.112800,13741.620000,1.112900,5288.360000,1.113000,383.060000,1.113100,3031.090000,1.113200,8723.680000,1.113300,17576.930000,1.113400,29422.400000,1.113500,39038.450000,1.113600,8671.330000
1764326061245,261589668258,1.112600,6660.700000,1.112500,12796.130000,1.112400,12371.230000,1.112300,14639.940000,1.112200,666.000000,1.112100,66655.780000,1.112000,50572.340000,1.111900,9248.430000,1.111800,18376.430000,1.111700,11316.000000,1.112700,7080.230000,1.112800,13741.620000,1.112900,5203.480000,1.113000,511.160000,1.113100,3043.480000,1.113200,8723.680000,1.113300,17576.930000,1.113400,29422.400000,1.113500,42035.450000,1.113600,8671.330000
1764326061526,261589675877,1.112500,22934.170000,1.112400,8322.790000,1.112300,11488.380000,1.112200,4969.390000,1.112100,37232.990000,1.112000,81692.630000,1.111900,9248.430000,1.111800,18376.430000,1.111700,11316.000000,1.111600,24477.300000,1.112600,2316.080000,1.112800,11895.880000,1.112900,5265.180000,1.113000,985.640000,1.113100,4276.800000,1.113200,7409.000000,1.113300,18711.150000,1.113400,29422.400000,1.113500,51807.230000,1.113600,6810.690000
1764326061777,261589682827,1.112500,23334.700000,1.112400,8322.790000,1.112300,14908.870000,1.112200,4290.560000,1.112100,39009.020000,1.112000,78218.990000,1.111900,9248.430000,1.111800,18376.430000,1.111700,11316.000000,1.111600,24477.300000,1.112600,2316.080000,1.112800,11895.880000,1.112900,5203.480000,1.113000,974.820000,1.113100,4276.800000,1.113200,7409.000000,1.113300,18711.150000,1.113400,29422.400000,1.113500,51807.230000,1.113600,6810.690000
1764326062045,261589691765,1.112500,23348.830000,1.112400,8322.790000,1.112300,14908.870000,1.112200,4290.560000,1.112100,39009.020000,1.112000,50572.340000,1.111900,9248.430000,1.111800,18376.430000,1.111700,38962.650000,1.111600,24477.300000,1.112600,3487.580000,1.112800,11895.880000,1.112900,5260.770000,1.113000,951.860000,1.113100,4276.800000,1.113200,7409.000000,1.113300,18711.150000,1.113400,29422.400000,1.113500,52473.230000,1.113600,6810.690000
1764326062299,261589698499,1.112500,23943.760000,1.112400,7322.790000,1.112300,14908.870000,1.112200,4290.560000,1.112100,39009.020000,1.112000,78218.990000,1.111900,9248.430000,1.111800,18376.430000,1.111700,11316.000000,1.111600,24477.300000,1.112600,2163.360000,1.112800,11895.880000,1.112900,5260.770000,1.113000,992.910000,1.113100,4276.800000,1.113200,7409.000000,1.113300,18711.150000,1.113400,29422.400000,1.113500,52473.230000,1.113600,6810.690000
1764326062585,261589706135,1.112500,23388.010000,1.112400,8322.790000,1.112300,14908.870000,1.112200,4290.560000,1.112100,39009.020000,1.112000,78218.990000,1.111900,9248.430000,1.111800,18376.430000,1.111700,11316.000000,1.111600,24477.300000,1.112600,2163.360000,1.112800,11895.880000,1.112900,5260.770000,1.113000,939.650000,1.113100,4276.800000,1.113200,7409.000000,1.113300,18711.150000,1.113400,29422.400000,1.113500,52473.230000,1.113600,6810.690000
1764326062839,261589713370,1.112500,22854.710000,1.112400,8322.790000,1.112300,14908.870000,1.112200,4290.560000,1.112100,39009.020000,1.112000,78218.990000,1.111900,9248.430000,1.111800,18376.430000,1.111700,11316.000000,1.111600,24477.300000,1.112600,2163.360000,1.112800,11895.880000,1.112900,5260.770000,1.113000,882.880000,1.113100,4276.800000,1.113200,7409.000000,1.113300,18711.150000,1.113400,30421.400000,1.113500,52473.230000,1.113600,6810.690000
1764326063137,261589721127,1.112500,22447.040000,1.112400,8322.790000,1.112300,14908.870000,1.112200,4290.560000,1.112100,39009.020000,1.112000,78218.990000,1.111900,9248.430000,1.111800,18376.430000,1.111700,11316.000000,1.111600,24477.300000,1.112600,2163.360000,1.112800,11895.880000,1.112900,5252.710000,1.113000,968.490000,1.113100,4276.800000,1.113200,7409.000000,1.113300,18711.150000,1.113400,30421.400000,1.113500,52473.230000,1.113600,6810.690000
1764326063387,261589727245,1.112500,22830.560000,1.112400,8322.790000,1.112300,14908.870000,1.112200,4290.560000,1.112100,39009.020000,1.112000,78218.990000,1.111900,9248.430000,1.111800,18376.430000,1.111700,11316.000000,1.111600,24477.300000,1.112600,2163.360000,1.112800,11895.880000,1.112900,5252.710000,1.113000,1016.830000,1.113100,4276.800000,1.113200,7409.000000,1.113300,18711.150000,1.113400,30421.400000,1.113500,52473.230000,1.113600,6810.690000
1764326063672,261589735639,1.112500,2632.700000,1.112400,1949.200000,1.112300,11908.290000,1.112200,4390.560000,1.112100,34049.000000,1.112000,41769.680000,1.111900,14807.530000,1.111800,20461.630000,1.111700,38962.650000,1.111600,24477.300000,1.112600,3487.580000,1.112700,10540.220000,1.112800,3697.080000,1.112900,7164.350000,1.113000,1075.020000,1.113100,20274.790000,1.113200,7859.750000,1.113300,30308.030000,1.113400,36364.420000,1.113500,21316.130000
1764326063924,261589742051,1.112400,413.100000,1.112300,10615.960000,1.112200,4724.560000,1.112100,22752.600000,1.112000,46813.190000,1.111900,16505.020000,1.111800,23320.740000,1.111700,38962.650000,1.111600,24477.300000,1.111500,42429.080000,1.112500,19264.770000,1.112600,11462.600000,1.112700,1099.720000,1.112800,3797.080000,1.112900,9077.950000,1.113000,13486.060000,1.113100,39156.640000,1.113200,5492.600000,1.113300,25691.340000,1.113400,17364.530000
1764326064174,261589748804,1.112400,6103.530000,1.112300,16024.700000,1.112200,5559.360000,1.112100,24183.820000,1.112000,45563.930000,1.111900,14825.460000,1.111800,23320.740000,1.111700,38962.650000,1.111600,24477.300000,1.111500,42429.080000,1.112500,7181.740000,1.112600,9702.560000,1.112700,3135.300000,1.112800,3846.960000,1.112900,11409.430000,1.113000,13486.060000,1.113100,39156.640000,1.113200,8048.750000,1.113300,28688.340000,1.113400,17364.530000
1764326064427,261589755813,1.112400,6279.260000,1.112300,16024.700000,1.112200,6559.360000,1.112100,24183.820000,1.112000,73210.580000,1.111900,14825.460000,1.111800,23320.740000,1.111700,11316.000000,1.111600,24477.300000,1.111500,42429.080000,1.112500,7181.740000,1.112600,7421.960000,1.112700,3135.300000,1.112800,3846.960000,1.112900,11273.730000,1.113000,13486.060000,1.113100,39156.640000,1.113200,9713.750000,1.113300,31467.850000,1.113400,23057.400000
1764326064678,261589762635,1.112500,14267.100000,1.112400,17835.820000,1.112300,4812.620000,1.112200,3645.860000,1.112100,36304.170000,1.112000,64755.630000,1.111900,11351.560000,1.111800,21235.540000,1.111700,11316.000000,1.111600,24127.300000,1.112600,3487.580000,1.112700,11125.890000,1.112800,7740.870000,1.112900,11680.200000,1.113000,7884.030000,1.113100,20274.790000,1.113200,10329.730000,1.113300,23152.410000,1.113400,23390.400000,1.113500,24733.260000
1764326064931,261589769627,1.112500,25485.890000,1.112400,6564.880000,1.112300,4812.620000,1.112200,7428.090000,1.112100,38716.970000,1.112000,67614.740000,1.111900,9266.360000,1.111800,18376.430000,1.111700,12217.900000,1.111600,24127.300000,1.112600,1983.420000,1.112700,2035.580000,1.112800,15961.930000,1.112900,8648.670000,1.113000,6146.020000,1.113100,20274.790000,1.113200,10329.730000,1.113300,22701.660000,1.113400,36337.480000,1.113500,34651.160000
1764326065181,261589776080,1.112500,25777.340000,1.112400,6564.880000,1.112300,4812.620000,1.112200,7428.090000,1.112100,38716.970000,1.112000,67614.740000,1.111900,9266.360000,1.111800,18376.430000,1.111700,12217.900000,1.111600,24127.300000,1.112600,1983.420000,1.112700,2035.580000,1.112800,13139.960000,1.112900,6666.920000,1.113000,6173.050000,1.113100,21590.150000,1.113200,10329.730000,1.113300,25388.290000,1.113400,36337.480000,1.113500,39315.730000
1764326065434,261589782962,1.112500,25479.250000,1.112400,6564.880000,1.112300,4812.620000,1.112200,7428.090000,1.112100,39050.970000,1.112000,67614.740000,1.111900,9266.360000,1.111800,18376.430000,1.111700,12217.900000,1.111600,24127.300000,1.112600,1324.220000,1.112700,2035.580000,1.112800,13360.140000,1.112900,6579.180000,1.113000,5551.120000,1.113100,21590.150000,1.113200,13136.460000,1.113300,35054.590000,1.113400,35886.730000,1.113500,36862.280000
1764326065720,261589790243,1.112500,25971.530000,1.112400,6564.880000,1.112300,4812.620000,1.112200,7428.090000,1.112100,39050.970000,1.112000,67614.740000,1.111900,9266.360000,1.111800,18376.430000,1.111700,12217.900000,1.111600,24127.300000,1.112600,1324.220000,1.112700,2035.580000,1.112800,13360.140000,1.112900,6579.180000,1.113000,5636.560000,1.113100,21590.150000,1.113200,13136.460000,1.113300,35054.590000,1.113400,35886.730000,1.113500,36862.280000
1764326066012,261589796605,1.112500,25780.080000,1.112400,6564.880000,1.112300,4812.620000,1.112200,7428.090000,1.112100,39050.970000,1.112000,67614.740000,1.111900,9266.360000,1.111800,18376.430000,1.111700,12217.900000,1.111600,24127.300000,1.112600,152.720000,1.112700,2035.580000,1.112800,13789.720000,1.112900,6579.180000,1.113000,5551.120000,1.113100,21567.320000,1.113200,13136.460000,1.113300,35603.710000,1.113400,35886.730000,1.113500,36862.280000
1764326066263,261589804541,1.112500,25575.930000,1.112400,6564.880000,1.112300,4812.620000,1.112200,7428.090000,1.112100,39050.970000,1.112000,67614.740000,1.111900,9266.360000,1.111800,18376.430000,1.111700,12217.900000,1.111600,24127.300000,1.112600,152.720000,1.112700,2035.580000,1.112800,14326.350000,1.112900,6579.180000,1.113000,5551.120000,1.113100,21496.870000,1.113200,13136.460000,1.113300,35603.710000,1.113400,35886.730000,1.113500,36862.280000
1764326066514,261589810845,1.112500,25603.670000,1.112400,6564.880000,1.112300,4812.620000,1.112200,7428.090000,1.112100,39050.970000,1.112000,67614.740000,1.111900,9266.360000,1.111800,18376.430000,1.111700,12217.900000,1.111600,24127.300000,1.112600,152.720000,1.112700,2035.580000,1.112800,14106.170000,1.112900,7122.140000,1.113000,5551.120000,1.113100,21582.690000,1.113200,10329.730000,1.113300,23250.780000,1.113400,27121.930000,1.113500,46077.830000
1764326066813,261589818392,1.112500,26922.220000,1.112400,7850.340000,1.112300,3938.070000,1.112200,7328.090000,1.112100,39050.970000,1.112000,67614.740000,1.111900,9266.360000,1.111800,18376.430000,1.111700,12217.900000,1.111600,24477.300000,1.112600,152.720000,1.112700,2035.580000,1.112800,7619.630000,1.112900,13690.270000,1.113000,6101.480000,1.113100,21578.800000,1.113200,10329.730000,1.113300,23250.780000,1.113400,28460.310000,1.113500,46218.610000
1764326067089,261589825825,1.112600,21038.820000,1.112500,6467.250000,1.112400,12440.390000,1.112300,32645.860000,1.112200,5558.160000,1.112100,35577.810000,1.112000,39968.090000,1.111900,9266.360000,1.111800,18376.430000,1.111700,12217.900000,1.112700,7026.960000,1.112800,7619.630000,1.112900,16617.990000,1.113000,5551.120000,1.113100,22304.990000,1.113200,10329.730000,1.113300,23250.780000,1.113400,28460.310000,1.113500,46218.610000,1.113600,26982.090000
1764326067340,261589832581,1.112600,25866.080000,1.112500,2692.570000,1.112400,11254.930000,1.112300,10562.030000,1.112200,5558.270000,1.112100,35577.810000,1.112000,65376.630000,1.111900,9266.360000,1.111800,27826.430000,1.111700,12217.900000,1.112700,5758.700000,1.112800,3763.480000,1.112900,10338.300000,1.113000,14004.790000,1.113100,22275.750000,1.113200,8764.730000,1.113300,22479.700000,1.113400,28009.560000,1.113500,29951.700000,1.113600,35741.790000
1764326067594,261589842015,1.112600,40.450000,1.112500,10577.140000,1.112400,12254.930000,1.112300,9011.530000,1.112200,2764.030000,1.112100,39412.430000,1.112000,65376.630000,1.111900,9266.360000,1.111800,27826.430000,1.111700,10467.900000,1.112700,26153.000000,1.112800,13502.220000,1.112900,10751.160000,1.113000,9196.170000,1.113100,21694.720000,1.113200,8664.730000,1.113300,22930.450000,1.113400,28009.560000,1.113500,31951.100000,1.113600,18331.920000
1764326067845,261589853046,1.112500,5891.260000,1.112400,16708.250000,1.112300,9381.810000,1.112200,8388.340000,1.112100,39746.430000,1.112000,65376.630000,1.111900,9266.360000,1.111800,27826.430000,1.111700,9566.000000,1.111600,24477.300000,1.112600,10619.290000,1.112700,10108.660000,1.112800,3279.350000,1.112900,9448.310000,1.113000,9429.250000,1.113100,21665.220000,1.113200,8664.730000,1.113300,40812.430000,1.113400,25394.780000,1.113500,27189.900000
1764326068110,261589861386,1.112500,5895.730000,1.112400,16708.250000,1.112300,9381.810000,1.112200,8388.340000,1.112100,32988.770000,1.112000,65376.630000,1.111900,9266.360000,1.111800,27826.430000,1.111700,9566.000000,1.111600,24477.300000,1.112600,10619.290000,1.112700,10108.660000,1.112800,2022.260000,1.112900,6484.950000,1.113000,9417.140000,1.113100,21665.220000,1.113200,17880.280000,1.113300,40812.430000,1.113400,19701.910000,1.113500,17974.350000
1764326068379,261589870047,1.112500,5191.360000,1.112400,16708.250000,1.112300,9604.810000,1.112200,8388.340000,1.112100,32988.770000,1.112000,65376.630000,1.111900,9266.360000,1.111800,27826.430000,1.111700,9566.000000,1.111600,24477.300000,1.112600,10619.290000,1.112700,10876.620000,1.112800,1695.610000,1.112900,5934.540000,1.113000,9196.170000,1.113100,21665.220000,1.113200,17880.280000,1.113300,40812.430000,1.113400,19701.910000,1.113500,17974.350000
1764326068629,261589877395,1.112500,6172.890000,1.112400,16708.250000,1.112300,9604.810000,1.112200,8388.340000,1.112100,33322.770000,1.112000,65710.630000,1.111900,9266.360000,1.111800,27826.430000,1.111700,9566.000000,1.111600,24477.300000,1.112600,10619.290000,1.112700,10108.660000,1.112800,2524.310000,1.112900,5934.540000,1.113000,9196.170000,1.113100,21665.220000,1.113200,17880.280000,1.113300,40812.430000,1.113400,19701.910000,1.113500,17974.350000
1764326068880,261589883673,1.112500,5861.440000,1.112400,16708.250000,1.112300,9604.810000,1.112200,8388.340000,1.112100,33322.770000,1.112000,65710.630000,1.111900,9266.360000,1.111800,27826.430000,1.111700,9566.000000,1.111600,24477.300000,1.112600,10641.450000,1.112700,13791.960000,1.112800,3178.570000,1.112900,1918.770000,1.113000,5764.950000,1.113100,21665.220000,1.113200,22279.470000,1.113300,41145.430000,1.113400,19701.910000,1.113500,17974.350000
1764326069163,261589891129,1.112500,6334.110000,1.112400,16708.250000,1.112300,9604.810000,1.112200,8388.340000,1.112100,29849.390000,1.112000,69184.210000,1.111900,9266.360000,1.111800,27826.430000,1.111700,9566.000000,1.111600,24477.300000,1.112600,10641.450000,1.112700,13908.050000,1.112800,3178.570000,1.112900,1918.770000,1.113000,5717.480000,1.113100,21665.220000,1.113200,22279.470000,1.113300,41478.430000,1.113400,19701.910000,1.113500,17974.350000
1764326069432,261589899118,1.112500,5788.470000,1.112400,16708.250000,1.112300,9604.810000,1.112200,8388.340000,1.112100,33322.660000,1.112000,65710.630000,1.111900,9266.360000,1.111800,27826.430000,1.111700,9566.000000,1.111600,24477.300000,1.112600,10641.450000,1.112700,14155.020000,1.112800,3539.500000,1.112900,3234.130000,1.113000,5740.710000,1.113100,20349.860000,1.113200,22279.470000,1.113300,44946.260000,1.113400,19695.530000,1.113500,17974.350000
1764326069689,261589907040,1.112500,128460.790000,1.112400,5638.870000,1.112300,5980.810000,1.112200,5088.160000,1.112100,21438.140000,1.112000,34472.930000,1.111900,12526.820000,1.111800,16381.240000,1.111700,5643.400000,1.111600,13627.300000,1.112600,22.160000,1.112700,3683.300000,1.112800,2159.980000,1.112900,5.170000,1.113100,229.480000,1.113200,710.090000,1.113300,2616.840000,1.113400,352.800000,1.113500,66.930000,1.113600,360.700000
1764326069939,261589915479,1.114100,6295.860000,1.113900,3935.540000,1.113800,11858.110000,1.113700,7440.340000,1.113600,12355.590000,1.113500,47816.310000,1.113400,284.630000,1.113300,7752.020000,1.113200,21731.300000,1.113100,33142.700000,1.114200,8664.680000,1.114300,2196.140000,1.114400,5617.800000,1.114500,617.590000,1.114600,2996.490000,1.114700,10861.000000,1.114800,25400.140000,1.114900,17690.930000,1.115000,13393.240000,1.115100,6617.680000
1764326070191,261589922407,1.114100,38938.990000,1.114000,1341.240000,1.113900,5286.810000,1.113800,12670.410000,1.113700,6111.940000,1.113600,10163.580000,1.113500,65276.200000,1.113400,45.940000,1.113300,2298.830000,1.113200,32220.680000,1.114200,13278.600000,1.114300,4.900000,1.114400,9775.360000,1.114500,9812.260000,1.114600,2203.520000,1.114700,14957.040000,1.114800,30436.380000,1.114900,18208.390000,1.115000,15351.210000,1.115100,9281.680000
1764326070444,261589929365,1.114100,40077.060000,1.114000,341.240000,1.113900,5446.030000,1.113800,12077.830000,1.113700,6111.940000,1.113600,10163.580000,1.113500,65276.200000,1.113400,45.940000,1.113300,2298.830000,1.113200,32220.680000,1.114200,6155.000000,1.114300,5969.810000,1.114400,6180.780000,1.114500,1341.010000,1.114600,13659.810000,1.114700,15505.540000,1.114800,30436.380000,1.114900,17474.190000,1.115000,14900.460000,1.115100,24581.970000
1764326070695,261589936057,1.114100,38941.990000,1.114000,1341.240000,1.113900,6318.600000,1.113800,10857.810000,1.113700,7443.940000,1.113600,10163.580000,1.113500,65276.200000,1.113400,45.940000,1.113300,2298.830000,1.113200,32220.680000,1.114200,32109.000000,1.114300,1742.190000,1.114400,6462.530000,1.114500,5558.280000,1.114600,8052.260000,1.114700,15505.540000,1.114800,30456.380000,1.114900,17474.190000,1.115000,15714.480000,1.115100,24131.220000
1764326070952,261589943086,1.114100,17533.590000,1.114000,2258.960000,1.113900,5286.810000,1.113800,13219.420000,1.113700,9218.240000,1.113600,6693.230000,1.113500,58914.520000,1.113400,45.940000,1.113300,2298.830000,1.113200,35720.680000,1.114200,32109.000000,1.114300,4135.280000,1.114400,6490.500000,1.114500,16096.400000,1.114600,4533.440000,1.114700,14957.040000,1.114800,30356.380000,1.114900,45120.840000,1.115000,15714.480000,1.115100,24131.220000
1764326071206,261589949768,1.114100,11110.820000,1.114000,2258.960000,1.113900,5286.810000,1.113800,13219.420000,1.113700,9218.240000,1.113600,37303.240000,1.113500,31267.870000,1.113400,45.940000,1.113300,3698.830000,1.113200,35720.680000,1.114200,32109.000000,1.114300,1742.190000,1.114400,9439.410000,1.114500,15128.600000,1.114600,6052.450000,1.114700,14957.040000,1.114800,37875.800000,1.114900,47256.670000,1.115000,14207.260000,1.115100,9281.680000
1764326071461,261589956096,1.114100,17368.310000,1.114000,2490.960000,1.113900,34628.920000,1.113800,11523.810000,1.113700,9218.240000,1.113600,9656.590000,1.113500,31267.870000,1.113400,45.940000,1.113300,4398.830000,1.113200,35720.680000,1.114200,32109.000000,1.114300,2527.500000,1.114400,9439.410000,1.114500,15128.600000,1.114600,6066.410000,1.114700,14957.040000,1.114800,37875.800000,1.114900,47256.670000,1.115000,14207.260000,1.115100,9281.680000
1764326071715,261589961271,1.114100,17097.660000,1.114000,2490.960000,1.113900,34628.920000,1.113800,11523.810000,1.113700,9218.240000,1.113600,9656.590000,1.113500,31267.870000,1.113400,947.840000,1.113300,4398.830000,1.113200,35720.680000,1.114200,6155.000000,1.114300,7965.760000,1.114400,14993.280000,1.114500,3089.690000,1.114600,6083.260000,1.114700,14957.040000,1.114800,37875.800000,1.114900,47256.670000,1.115000,15551.090000,1.115100,16839.910000
1764326071973,261589968248,1.114100,11248.340000,1.114000,2490.960000,1.113900,5286.810000,1.113800,13219.420000,1.113700,9218.240000,1.113600,37303.240000,1.113500,31267.870000,1.113400,45.940000,1.113300,4398.830000,1.113200,35720.680000,1.114200,31183.660000,1.114300,7271.980000,1.114400,15348.780000,1.114500,3986.700000,1.114600,6004.270000,1.114700,14957.040000,1.114800,37875.800000,1.114900,47256.670000,1.115000,15551.090000,1.115100,17172.910000
1764326072249,261589974065,1.114100,11227.840000,1.114000,2490.960000,1.113900,5286.810000,1.113800,13885.420000,1.113700,9218.240000,1.113600,37303.240000,1.113500,31267.870000,1.113400,45.940000,1.113300,4398.830000,1.113200,35720.680000,1.114200,31183.660000,1.114300,7271.980000,1.114400,14862.790000,1.114500,3357.770000,1.114600,6099.290000,1.114700,14957.040000,1.114800,37875.800000,1.114900,47256.670000,1.115000,15551.090000,1.115100,18837.910000
1764326072517,261589981173,1.114100,11372.720000,1.114000,2490.960000,1.113900,6982.270000,1.113800,12189.810000,1.113700,9218.240000,1.113600,37303.240000,1.113500,31267.870000,1.113400,45.940000,1.113300,4398.830000,1.113200,35720.680000,1.114200,31183.660000,1.114300,7271.980000,1.114400,14862.790000,1.114500,3357.770000,1.114600,6142.430000,1.114700,14957.040000,1.114800,37875.800000,1.114900,47256.670000,1.115000,15551.090000,1.115100,19836.910000
1764326072781,261589987084,1.114100,11337.850000,1.114000,4186.270000,1.113900,32933.460000,1.113800,17324.540000,1.113700,5748.200000,1.113600,9656.590000,1.113500,31267.870000,1.113400,45.940000,1.113300,5098.830000,1.113200,35720.680000,1.114200,31183.660000,1.114300,7271.980000,1.114400,14862.790000,1.114500,3357.770000,1.114600,6040.630000,1.114700,14957.040000,1.114800,37875.800000,1.114900,47256.670000,1.115000,15551.090000,1.115100,21168.910000
1764326073054,261589994141,1.114100,10617.140000,1.114000,4186.270000,1.113900,32933.460000,1.113800,17324.540000,1.113700,5748.200000,1.113600,9656.590000,1.113500,31267.870000,1.113400,45.940000,1.113300,5098.830000,1.113200,35720.680000,1.114200,12161.660000,1.114300,7839.540000,1.114400,14862.790000,1.114500,3357.770000,1.114600,5824.580000,1.114700,14957.040000,1.114800,37875.800000,1.114900,47256.670000,1.115000,16671.490000,1.115100,21168.910000
1764326073305,261589999941,1.114100,17263.960000,1.114000,4435.060000,1.113900,6982.270000,1.113800,11909.710000,1.113700,36864.890000,1.113600,9656.590000,1.113500,31267.870000,1.113400,45.940000,1.113300,5098.830000,1.113200,35720.680000,1.114200,6089.660000,1.114300,7839.540000,1.114400,14862.790000,1.114500,3357.770000,1.114600,6114.210000,1.114700,14957.040000,1.114800,37875.800000,1.114900,47256.670000,1.115000,16671.490000,1.115100,21168.910000
1764326073559,261590005260,1.114100,18188.640000,1.114000,4435.060000,1.113900,6982.270000,1.113800,12242.710000,1.113700,36864.890000,1.113600,9656.590000,1.113500,31267.870000,1.113400,45.940000,1.113300,6848.830000,1.113200,35720.680000,1.114200,6089.660000,1.114300,7839.540000,1.114400,14862.790000,1.114500,3357.770000,1.114600,6374.440000,1.114700,14957.040000,1.114800,37875.800000,1.114900,47256.670000,1.115000,16671.490000,1.115100,21168.910000
1764326073846,261590010601,1.114100,17407.570000,1.114000,4435.060000,1.113900,6982.270000,1.113800,12242.710000,1.113700,36864.890000,1.113600,9656.590000,1.113500,31267.870000,1.113400,45.940000,1.113300,6848.830000,1.113200,35720.680000,1.114200,4918.160000,1.114300,7839.540000,1.114400,14862.790000,1.114500,3357.770000,1.114600,6091.550000,1.114700,14957.040000,1.114800,37875.800000,1.114900,47256.670000,1.115000,16671.490000,1.115100,21168.910000
1764326074099,261590016286,1.114100,17665.600000,1.114000,4435.060000,1.113900,6982.270000,1.113800,12908.710000,1.113700,36864.890000,1.113600,9656.590000,1.113500,31267.870000,1.113400,45.940000,1.113300,7198.830000,1.113200,35720.680000,1.114200,19361.660000,1.114300,7839.540000,1.114400,14862.790000,1.114500,3357.770000,1.114600,6097.680000,1.114700,14957.040000,1.114800,37875.800000,1.114900,47256.670000,1.115000,16671.490000,1.115100,21168.910000
1764326074374,261590023412,1.114100,16654.660000,1.114000,4435.060000,1.113900,6982.270000,1.113800,12908.710000,1.113700,36864.890000,1.113600,9656.590000,1.113500,31267.870000,1.113400,45.940000,1.113300,7198.830000,1.113200,35720.680000,1.114200,19361.660000,1.114300,7839.540000,1.114400,14862.790000,1.114500,3357.770000,1.114600,5998.390000,1.114700,14957.040000,1.114800,37875.800000,1.114900,47256.670000,1.115000,16671.490000,1.115100,21168.910000
1764326074624,261590029004,1.114100,17192.400000,1.114000,4435.060000,1.113900,5286.810000,1.113800,14604.320000,1.113700,36864.890000,1.113600,9656.590000,1.113500,31267.870000,1.113400,45.940000,1.113300,7198.830000,1.113200,35720.680000,1.114200,19361.660000,1.114300,7839.540000,1.114400,14862.790000,1.114500,3357.770000,1.114600,5992.790000,1.114700,14957.040000,1.114800,37875.800000,1.114900,47256.670000,1.115000,16671.490000,1.115100,21168.910000
1764326074874,261590035083,1.114100,16828.300000,1.114000,4435.060000,1.113900,6982.270000,1.113800,13574.710000,1.113700,36864.890000,1.113600,9656.590000,1.113500,31267.870000,1.113400,45.940000,1.113300,7198.830000,1.113200,35720.680000,1.114200,19361.660000,1.114300,7839.540000,1.114400,14862.790000,1.114500,3357.770000,1.114600,5965.170000,1.114700,14957.040000,1.114800,37875.800000,1.114900,47256.670000,1.115000,16671.490000,1.115100,21501.910000
1764326075167,261590041829,1.114100,16709.980000,1.114000,4435.060000,1.113900,6982.270000,1.113800,17044.440000,1.113700,33394.850000,1.113600,9656.590000,1.113500,31267.870000,1.113400,45.940000,1.113300,7198.830000,1.113200,35720.680000,1.114200,19361.660000,1.114300,7839.540000,1.114400,14862.790000,1.114500,3357.770000,1.114600,6127.180000,1.114700,14957.040000,1.114800,37875.800000,1.114900,47256.670000,1.115000,16671.490000,1.115100,21501.910000
1764326075418,261590048340,1.114100,17129.870000,1.114000,4435.060000,1.113900,6982.270000,1.113800,17044.440000,1.113700,33394.850000,1.113600,9656.590000,1.113500,31267.870000,1.113400,45.940000,1.113300,7198.830000,1.113200,35720.680000,1.114200,19361.660000,1.114300,7839.540000,1.114400,14862.790000,1.114500,3357.770000,1.114600,5824.580000,1.114700,14957.040000,1.114800,37875.800000,1.114900,47256.670000,1.115000,16671.490000,1.115100,21501.910000
1764326075689,261590054865,1.114100,10941.650000,1.114000,4435.060000,1.113900,5286.810000,1.113800,15270.320000,1.113700,36864.890000,1.113600,9656.590000,1.113500,31267.870000,1.113400,45.940000,1.113300,7198.830000,1.113200,35720.680000,1.114200,19368.440000,1.114300,7839.540000,1.114400,14862.790000,1.114500,3357.770000,1.114600,6101.610000,1.114700,14957.040000,1.114800,37875.800000,1.114900,47256.670000,1.115000,16671.490000,1.115100,21501.910000
1764326075952,261590061303,1.114100,11110.270000,1.114000,4435.060000,1.113900,5286.810000,1.113800,15270.320000,1.113700,36864.890000,1.113600,9656.590000,1.113500,31267.870000,1.113400,45.940000,1.113300,7198.830000,1.113200,35720.680000,1.114200,19368.440000,1.114300,7839.540000,1.114400,14862.790000,1.114500,3357.770000,1.114600,6140.210000,1.114700,14957.040000,1.114800,37875.800000,1.114900,47256.670000,1.115000,16671.490000,1.115100,21501.910000
1764326076262,261590068791,1.114100,10968.970000,1.114000,4435.060000,1.113900,6982.270000,1.113800,13574.710000,1.113700,36864.890000,1.113600,9656.590000,1.113500,31267.870000,1.113400,45.940000,1.113300,7198.830000,1.113200,35720.680000,1.114200,19368.440000,1.114300,7839.540000,1.114400,14862.790000,1.114500,3357.770000,1.114600,5824.580000,1.114700,14957.040000,1.114800,37875.800000,1.114900,47256.670000,1.115000,16671.490000,1.115100,21501.910000
1764326076513,261590074666,1.114100,17310.090000,1.114000,4435.060000,1.113900,6982.270000,1.113800,28751.550000,1.113700,36864.890000,1.113600,9656.590000,1.113500,31267.870000,1.113400,45.940000,1.113300,7198.830000,1.113200,35720.680000,1.114200,6096.440000,1.114300,7100.050000,1.114400,11899.430000,1.114500,3357.770000,1.114600,5976.210000,1.114700,14957.040000,1.114800,37875.800000,1.114900,47256.670000,1.115000,16671.490000,1.115100,21501.910000
1764326076808,261590081485,1.114100,16475.000000,1.114000,4435.060000,1.113900,6982.270000,1.113800,32221.280000,1.113700,33394.850000,1.113600,9656.590000,1.113500,31267.870000,1.113400,45.940000,1.113300,7198.830000,1.113200,35720.680000,1.114200,6096.440000,1.114300,7100.050000,1.114400,11899.430000,1.114500,3357.770000,1.114600,6103.320000,1.114700,14957.040000,1.114800,37875.800000,1.114900,47256.670000,1.115000,16665.440000,1.115100,21501.910000
1764326077059,261590087568,1.114100,17181.910000,1.114000,4435.060000,1.113900,5286.810000,1.113800,33916.890000,1.113700,33394.850000,1.113600,9656.590000,1.113500,31267.870000,1.113400,45.940000,1.113300,7198.830000,1.113200,35720.680000,1.114200,11987.440000,1.114300,7100.050000,1.114400,11899.430000,1.114500,3357.770000,1.114600,6010.920000,1.114700,14957.040000,1.114800,37875.800000,1.114900,47256.670000,1.115000,16665.440000,1.115100,21461.580000
1764326077347,261590094174,1.114100,8714.510000,1.114000,13759.990000,1.113900,5286.810000,1.113800,30447.160000,1.113700,36864.890000,1.113600,9656.590000,1.113500,31267.870000,1.113400,45.940000,1.113300,7198.830000,1.113200,35720.680000,1.114200,11987.440000,1.114300,13883.540000,1.114400,3595.290000,1.114500,3357.770000,1.114600,5954.120000,1.114700,14957.040000,1.114800,37875.800000,1.114900,47256.670000,1.115000,16671.490000,1.115100,21434.690000
1764326077598,261590099718,1.114100,8584.500000,1.114000,13759.990000,1.113900,5286.810000,1.113800,30447.160000,1.113700,36864.890000,1.113600,9656.590000,1.113500,31267.870000,1.113400,45.940000,1.113300,7198.830000,1.113200,35720.680000,1.114200,11987.440000,1.114300,13883.540000,1.114400,3595.290000,1.114500,3357.770000,1.114600,6138.720000,1.114700,14957.040000,1.114800,37875.800000,1.114900,47256.670000,1.115000,16671.490000,1.115100,21354.020000
1764326077853,261590105865,1.114100,1164.840000,1.114000,4435.060000,1.113900,14612.540000,1.113800,33916.890000,1.113700,33394.850000,1.113600,9656.590000,1.113500,31267.870000,1.113400,45.940000,1.113300,7198.830000,1.113200,35720.680000,1.114200,21302.100000,1.114300,4569.710000,1.114400,3595.290000,1.114500,3357.770000,1.114600,6125.680000,1.114700,14957.040000,1.114800,37875.800000,1.114900,47707.420000,1.115000,16220.740000,1.115100,21354.020000
1764326078104,261590111677,1.114100,761.120000,1.114000,5380.700000,1.113900,15612.540000,1.113800,33911.900000,1.113700,5748.200000,1.113600,9656.590000,1.113500,31267.870000,1.113400,45.940000,1.113300,7198.830000,1.113200,35720.680000,1.114200,21302.100000,1.114300,4789.190000,1.114400,3521.650000,1.114500,903.860000,1.114600,5824.580000,1.114700,14957.040000,1.114800,38326.550000,1.114900,47256.670000,1.115000,16220.740000,1.115100,21761.510000
1764326078358,261590116147,1.114100,702.220000,1.114000,5380.700000,1.113900,15612.540000,1.113800,61558.550000,1.113700,5748.200000,1.113600,9656.590000,1.113500,31267.870000,1.113400,45.940000,1.113300,7198.830000,1.113200,35720.680000,1.114200,21302.100000,1.114300,4789.190000,1.114400,3882.340000,1.114500,2044.230000,1.114600,6145.840000,1.114700,14957.040000,1.114800,38326.550000,1.114900,47256.670000,1.115000,16220.740000,1.115100,21761.510000
1764326078608,261590123423,1.114100,58347.050000,1.114000,5400.720000,1.113900,22548.850000,1.113800,5734.790000,1.113600,6572.390000,1.113500,22695.190000,1.113400,45.940000,1.113300,7198.830000,1.113200,34950.740000,1.113100,32248.720000,1.114200,6.780000,1.114300,3733.820000,1.114400,2973.000000,1.114500,67.970000,1.114600,251.870000,1.114700,1636.280000,1.114800,2074.250000,1.114900,61.140000,1.115000,1067.630000,1.115100,2131.900000
1764326078858,261590130547,1.114700,108208.230000,1.114600,6630.110000,1.114500,2308.480000,1.114400,15365.940000,1.114300,1140.220000,1.114200,15380.760000,1.114100,50808.200000,1.114000,7201.000000,1.113900,23114.200000,1.113800,5911.960000,1.114800,1245.210000,1.114900,2109.430000,1.115000,2479.500000,1.115100,2131.900000,1.115200,460.930000,1.115300,1549.050000,1.115400,1921.170000,1.115500,216.030000,1.115600,114.850000,1.115700,245.400000
1764326079108,261590137563,1.115600,58617.990000,1.115500,10835.180000,1.115400,4527.870000,1.115300,24403.650000,1.115200,89.100000,1.115100,40446.100000,1.115000,63925.050000,1.114900,2661.230000,1.114800,1272.070000,1.114700,24309.390000,1.115700,218.480000,1.115900,1604.430000,1.116000,4542.740000,1.116100,163.360000,1.116200,1014.870000,1.116300,288.320000,1.116400,3203.120000,1.116500,2214.550000,1.116600,287.170000,1.116700,4157.760000
1764326079358,261590143484,1.115800,11518.570000,1.115700,8878.760000,1.115600,11379.260000,1.115500,12870.530000,1.115400,8677.800000,1.115300,49373.770000,1.115200,2948.210000,1.115100,23281.520000,1.115000,58681.980000,1.114900,2661.230000,1.115900,7347.430000,1.116000,3631.160000,1.116100,2546.210000,1.116200,3168.190000,1.116300,11072.520000,1.116400,9548.540000,1.116500,19116.330000,1.116600,7717.960000,1.116700,13488.910000,1.116800,20893.590000
1764326079612,261590149096,1.115800,626.860000,1.115700,266.420000,1.115600,7307.750000,1.115500,7263.140000,1.115400,16715.890000,1.115300,49373.770000,1.115200,2948.210000,1.115100,12781.520000,1.115000,48181.980000,1.114900,2666.780000,1.115900,32282.430000,1.116000,1294.270000,1.116100,2327.500000,1.116200,8764.600000,1.116300,15849.350000,1.116400,11137.740000,1.116500,22327.700000,1.116600,6048.910000,1.116700,11667.380000,1.116800,18757.760000
1764326079866,261590155124,1.115600,705.370000,1.115400,6773.600000,1.115300,1705.330000,1.115200,1482.100000,1.115100,11202.240000,1.115000,33130.670000,1.114900,24891.100000,1.114800,28137.410000,1.114700,6077.540000,1.114600,1146.940000,1.115700,29725.330000,1.115800,41903.610000,1.115900,16746.870000,1.116000,13681.120000,1.116100,25106.740000,1.116200,17070.470000,1.116300,13783.100000,1.116400,16356.090000,1.116500,36882.060000,1.116600,14727.390000
1764326080116,261590160600,1.115300,4182.190000,1.115200,317.480000,1.115100,8130.010000,1.115000,33602.910000,1.114900,12994.430000,1.114800,3959.030000,1.114700,6077.540000,1.114600,10362.490000,1.114500,12167.340000,1.114400,25946.660000,1.115400,25919.900000,1.115500,1620.000000,1.115600,4581.380000,1.115700,8923.600000,1.115800,23546.260000,1.115900,8470.950000,1.116000,14812.200000,1.116100,21362.550000,1.116200,36452.670000,1.116300,12662.260000
1764326080368,261590166118,1.115300,10339.690000,1.115200,12961.490000,1.115100,25357.100000,1.115000,40562.270000,1.114900,22724.110000,1.114800,490.760000,1.114700,6077.540000,1.114600,1146.940000,1.114500,12167.340000,1.114400,25941.290000,1.115400,4585.990000,1.115600,6525.860000,1.115700,9142.490000,1.115800,24564.640000,1.115900,9018.090000,1.116000,14812.200000,1.116100,20911.800000,1.116200,9256.760000,1.116300,23752.460000,1.116400,52241.400000
1764326080623,261590171909,1.115500,5796.510000,1.115300,7309.520000,1.115200,14914.290000,1.115100,6404.520000,1.115000,47355.580000,1.114900,31939.660000,1.114800,15667.600000,1.114700,6077.540000,1.114600,1146.940000,1.114500,12167.340000,1.115600,9754.300000,1.115700,9142.450000,1.115800,22588.550000,1.115900,8860.700000,1.116000,13681.120000,1.116100,22405.280000,1.116200,13104.490000,1.116300,23752.460000,1.116400,52241.400000,1.116500,65923.840000
1764326080882,261590176965,1.115500,2969.410000,1.115300,2690.840000,1.115200,17640.230000,1.115100,6304.520000,1.115000,65786.680000,1.114900,6750.900000,1.114800,15667.600000,1.114700,6077.540000,1.114600,1146.940000,1.114500,12167.340000,1.115600,9754.300000,1.115700,8923.600000,1.115800,22707.380000,1.115900,6993.940000,1.116000,13908.490000,1.116100,22405.280000,1.116200,12653.750000,1.116300,24203.210000,1.116400,52241.400000,1.116500,64129.890000
1764326081134,261590182892,1.115300,179.320000,1.115200,8129.650000,1.115000,3246.990000,1.114900,5610.680000,1.114800,22914.480000,1.114700,5709.090000,1.114600,1146.940000,1.114500,23078.200000,1.114400,59560.390000,1.114300,21606.340000,1.115400,8614.790000,1.115500,4731.060000,1.115600,5192.680000,1.115700,6929.370000,1.115800,21002.730000,1.115900,5044.840000,1.116000,14429.300000,1.116100,28690.750000,1.116200,12653.750000,1.116300,23752.460000
1764326081384,261590188262,1.115000,9270.040000,1.114900,9717.520000,1.114800,26186.660000,1.114700,17807.400000,1.114600,13221.600000,1.114500,11733.100000,1.114400,59560.390000,1.114300,17418.340000,1.114200,18609.180000,1.114100,8894.840000,1.115100,10088.130000,1.115200,3582.760000,1.115300,7186.110000,1.115500,1556.850000,1.115600,7525.320000,1.115700,4815.480000,1.115800,23276.260000,1.115900,4424.450000,1.116000,10581.930000,1.116100,21141.780000
1764326081639,261590194072,1.115000,28520.780000,1.114900,20063.960000,1.114800,28271.860000,1.114700,17807.400000,1.114600,4006.050000,1.114500,9647.900000,1.114400,59560.390000,1.114300,17418.340000,1.114200,18609.180000,1.114100,8894.840000,1.115100,2712.180000,1.115200,1000.000000,1.115300,7186.110000,1.115400,1550.540000,1.115500,1316.480000,1.115600,7458.080000,1.115700,5363.780000,1.115800,23276.260000,1.115900,4424.450000,1.116000,12459.910000
1764326081890,261590198588,1.115000,47946.710000,1.114900,20063.960000,1.114800,28271.860000,1.114700,15722.200000,1.114600,4006.050000,1.114500,9647.900000,1.114400,59560.390000,1.114300,17418.340000,1.114200,18609.180000,1.114100,8990.480000,1.115100,2632.740000,1.115300,8186.110000,1.115400,1550.540000,1.115500,1145.390000,1.115600,6877.130000,1.115700,4815.480000,1.115800,23376.260000,1.115900,4424.450000,1.116000,12459.910000,1.116100,29808.520000
1764326082149,261590202637,1.115200,2034.010000,1.115000,44671.350000,1.114900,10848.410000,1.114800,28271.860000,1.114700,26076.790000,1.114600,4006.050000,1.114500,9647.900000,1.114400,59560.390000,1.114300,17418.340000,1.114200,18609.180000,1.115300,9471.490000,1.115400,1550.540000,1.115500,3296.570000,1.115600,7096.470000,1.115700,5363.780000,1.115800,23376.260000,1.115900,4424.450000,1.116000,12459.910000,1.116100,29808.520000,1.116200,51731.620000
1764326082400,261590208501,1.115100,5857.520000,1.115000,1591.410000,1.114900,7888.710000,1.114800,11167.850000,1.114700,25726.160000,1.114600,22437.150000,1.114500,9647.900000,1.114400,61645.590000,1.114300,17418.340000,1.114200,18609.180000,1.115200,6274.940000,1.115300,1140.220000,1.115400,3592.670000,1.115500,6654.810000,1.115600,6874.870000,1.115700,6951.310000,1.115800,23276.260000,1.115900,5998.670000,1.116000,10324.080000,1.116100,29512.240000
1764326082655,261590213247,1.115100,6381.390000,1.115000,1282.410000,1.114900,12896.510000,1.114800,9473.970000,1.114700,28144.360000,1.114600,22437.150000,1.114500,11733.100000,1.114400,59560.390000,1.114300,17418.340000,1.114200,18609.180000,1.115200,7446.440000,1.115300,1140.220000,1.115400,3592.670000,1.115500,7492.600000,1.115600,10851.850000,1.115700,8143.200000,1.115800,24538.240000,1.115900,31372.130000,1.116000,13156.160000,1.116100,21039.220000
1764326082924,261590219110,1.115100,6287.540000,1.115000,1282.410000,1.114900,31327.610000,1.114800,9473.970000,1.114700,30808.360000,1.114600,4006.050000,1.114500,11733.100000,1.114400,59560.390000,1.114300,17418.340000,1.114200,18609.180000,1.115200,7446.440000,1.115300,1140.220000,1.115400,3592.670000,1.115500,7492.600000,1.115600,10935.490000,1.115700,8143.200000,1.115800,29710.420000,1.115900,31372.130000,1.116000,13156.160000,1.116100,23382.150000
1764326083176,261590223940,1.115000,1606.430000,1.114900,2442.660000,1.114800,10538.160000,1.114700,22154.620000,1.114600,3864.830000,1.114500,11733.100000,1.114400,59560.390000,1.114300,45064.990000,1.114200,17707.280000,1.114100,10390.480000,1.115100,21889.250000,1.115200,2575.050000,1.115300,2212.630000,1.115400,3592.670000,1.115500,7492.600000,1.115600,10868.420000,1.115700,8143.200000,1.115800,29710.420000,1.115900,31372.130000,1.116000,13156.160000
1764326083451,261590229347,1.114900,8196.700000,1.114800,585.480000,1.114700,9855.900000,1.114600,6093.460000,1.114500,30182.130000,1.114400,60327.660000,1.114300,14939.780000,1.114200,17707.280000,1.114100,10390.480000,1.114000,6495.500000,1.115000,2028.460000,1.115100,4727.180000,1.115200,1138.450000,1.115300,3024.710000,1.115400,6513.110000,1.115500,9266.590000,1.115600,10768.420000,1.115700,7402.050000,1.115800,31769.360000,1.115900,31391.910000
1764326083703,261590234299,1.114900,1957.650000,1.114800,485.480000,1.114700,5399.210000,1.114600,6834.280000,1.114500,15081.030000,1.114400,51987.750000,1.114300,4439.780000,1.114200,10403.600000,1.114100,39321.580000,1.114000,16995.500000,1.115000,3199.960000,1.115100,1140.220000,1.115200,1688.580000,1.115300,5656.900000,1.115400,11346.070000,1.115500,24443.430000,1.115600,10768.420000,1.115700,6951.310000,1.115800,34268.980000,1.115900,41891.910000
1764326083954,261590239093,1.114900,8287.870000,1.114800,761.480000,1.114700,5399.210000,1.114600,6834.280000,1.114500,15081.030000,1.114400,79634.400000,1.114300,4439.780000,1.114200,10403.600000,1.114100,20890.480000,1.114000,16995.500000,1.115000,2028.460000,1.115100,1140.220000,1.115200,1247.620000,1.115300,6366.490000,1.115400,11477.830000,1.115500,31419.390000,1.115600,36385.410000,1.115700,9637.470000,1.115800,28646.050000,1.115900,14245.260000
1764326084235,261590244479,1.114900,8463.750000,1.114800,761.480000,1.114700,5399.210000,1.114600,6834.280000,1.114500,15081.030000,1.114400,80300.400000,1.114300,4439.780000,1.114200,10403.600000,1.114100,20890.480000,1.114000,16995.500000,1.115000,3199.960000,1.115100,4387.650000,1.115200,5343.260000,1.115300,5818.000000,1.115400,9903.920000,1.115500,28576.590000,1.115600,36836.160000,1.115700,9186.730000,1.115800,30101.240000,1.115900,18919.780000
1764326084487,261590249456,1.114800,141.890000,1.114700,698.480000,1.114600,1402.000000,1.114500,15797.840000,1.114400,52112.530000,1.114300,4439.780000,1.114200,31973.150000,1.114100,20890.480000,1.114000,16995.500000,1.113900,18222.330000,1.114900,21636.700000,1.115000,4897.310000,1.115100,5582.810000,1.115200,5196.600000,1.115300,8201.410000,1.115400,13488.170000,1.115500,28576.590000,1.115600,32290.080000,1.115700,10197.540000,1.115800,30101.240000
1764326084780,261590255089,1.114800,10295.680000,1.114700,547.400000,1.114600,9467.410000,1.114500,41761.350000,1.114400,49784.150000,1.114300,4439.780000,1.114200,4326.500000,1.114100,20890.480000,1.114000,16995.500000,1.113900,18222.330000,1.114900,4340.180000,1.115100,5582.810000,1.115200,5196.600000,1.115300,8233.210000,1.115400,13488.170000,1.115500,28576.590000,1.115600,33229.350000,1.115700,10197.540000,1.115800,30765.240000,1.115900,18919.780000
1764326085049,261590260357,1.114800,141.890000,1.114700,613.780000,1.114600,1402.000000,1.114500,16691.010000,1.114400,52467.140000,1.114300,3299.560000,1.114200,21627.420000,1.114100,20890.480000,1.114000,16995.500000,1.113900,18222.330000,1.114900,14872.180000,1.115000,1989.890000,1.115100,5912.050000,1.115200,4748.010000,1.115300,8225.390000,1.115400,13388.170000,1.115500,29027.330000,1.115600,34003.290000,1.115700,14904.620000,1.115800,27434.190000
1764326085312,261590264880,1.114800,141.890000,1.114700,653.880000,1.114600,1402.000000,1.114500,16691.010000,1.114400,52467.140000,1.114300,3299.560000,1.114200,21627.420000,1.114100,30106.030000,1.114000,16995.500000,1.113900,18222.330000,1.114900,14872.180000,1.115000,1159.310000,1.115100,5363.360000,1.115200,5296.660000,1.115300,8136.150000,1.115400,13388.170000,1.115500,29027.330000,1.115600,34003.290000,1.115700,14904.620000,1.115800,27434.190000
1764326085583,261590270066,1.114800,14769.150000,1.114700,547.400000,1.114600,11728.620000,1.114500,34907.870000,1.114400,59332.700000,1.114300,3632.560000,1.114200,3196.320000,1.114100,22984.730000,1.114000,16995.500000,1.113900,18222.330000,1.114900,3054.800000,1.115100,5363.360000,1.115200,5365.730000,1.115300,8729.720000,1.115400,10207.190000,1.115500,19480.430000,1.115600,6356.640000,1.115700,22037.200000,1.115800,55080.840000,1.115900,22547.990000
1764326085844,261590275132,1.114800,3668.540000,1.114700,547.400000,1.114600,6416.170000,1.114500,17619.850000,1.114400,51811.460000,1.114300,3632.560000,1.114200,3196.320000,1.114100,20890.480000,1.114000,45090.460000,1.113900,18222.330000,1.114900,4340.180000,1.115000,1244.210000,1.115100,5582.830000,1.115200,5296.660000,1.115300,6801.220000,1.115400,10207.190000,1.115500,19923.740000,1.115600,6807.390000,1.115700,21586.460000,1.115800,55929.470000
1764326086102,261590280304,1.114800,43.990000,1.114700,547.400000,1.114600,6416.170000,1.114500,19314.010000,1.114400,50117.150000,1.114300,31612.210000,1.114200,3196.320000,1.114100,22671.360000,1.114000,18689.320000,1.113900,18222.330000,1.114900,4340.180000,1.115000,3946.780000,1.115100,4388.420000,1.115200,1969.020000,1.115300,6630.900000,1.115400,10207.190000,1.115500,20374.480000,1.115600,13194.970000,1.115700,42795.510000,1.115800,27766.190000
1764326086354,261590284857,1.114800,43.990000,1.114700,547.400000,1.114600,1402.000000,1.114500,27038.610000,1.114400,50480.330000,1.114300,3965.560000,1.114200,3196.320000,1.114100,48537.130000,1.114000,16995.500000,1.113900,18222.330000,1.114900,4340.180000,1.115000,3436.270000,1.115100,4637.930000,1.115200,1969.020000,1.115300,6630.900000,1.115400,10207.190000,1.115500,19923.740000,1.115600,13645.720000,1.115700,42349.300000,1.115800,27998.650000
1764326086604,261590288961,1.114800,12981.880000,1.114700,547.400000,1.114600,8818.740000,1.114500,16476.770000,1.114400,79078.180000,1.114300,5692.330000,1.114200,3196.320000,1.114100,20890.480000,1.114000,16995.500000,1.113900,18222.330000,1.114900,4340.180000,1.115000,2483.080000,1.115100,4607.890000,1.115200,1969.020000,1.115300,7465.700000,1.115400,10207.190000,1.115500,19923.740000,1.115600,13645.720000,1.115700,42349.300000,1.115800,28188.740000
1764326086885,261590294526,1.114800,13389.360000,1.114700,547.400000,1.114600,8818.740000,1.114500,16476.770000,1.114400,79411.180000,1.114300,5692.330000,1.114200,3196.320000,1.114100,20890.480000,1.114000,16995.500000,1.113900,18222.330000,1.114900,4340.180000,1.115000,2483.080000,1.115100,4607.890000,1.115200,2438.140000,1.115300,7464.220000,1.115400,10207.190000,1.115500,19923.740000,1.115600,13645.720000,1.115700,42349.300000,1.115800,28188.740000
1764326087159,261590298734,1.114800,12412.570000,1.114700,547.400000,1.114600,8818.740000,1.114500,16476.770000,1.114400,79411.180000,1.114300,5692.330000,1.114200,3196.320000,1.114100,20890.480000,1.114000,16995.500000,1.113900,18222.330000,1.114900,3168.680000,1.115000,2483.080000,1.115100,4607.890000,1.115200,2438.140000,1.115300,7468.650000,1.115400,10207.190000,1.115500,19923.740000,1.115600,13645.720000,1.115700,42349.300000,1.115800,28188.740000
1764326087410,261590304115,1.114800,13349.840000,1.114700,6145.180000,1.114600,9424.770000,1.114500,17617.110000,1.114400,76778.400000,1.114300,5105.010000,1.114200,3196.320000,1.114100,20890.480000,1.114000,16995.500000,1.113900,18222.330000,1.114900,2054.800000,1.115000,3483.080000,1.115100,4168.200000,1.115200,2011.100000,1.115300,7882.890000,1.115400,12474.890000,1.115500,19923.740000,1.115600,13194.970000,1.115700,38294.930000,1.115800,32603.300000
1764326087684,261590309239,1.114800,14479.690000,1.114700,6145.180000,1.114600,8106.370000,1.114500,17617.110000,1.114400,76778.400000,1.114300,5105.010000,1.114200,3196.320000,1.114100,21792.380000,1.114000,16995.500000,1.113900,18222.330000,1.114900,2054.800000,1.115000,3483.080000,1.115100,4168.200000,1.115200,2011.100000,1.115300,7887.350000,1.115400,12474.890000,1.115500,19923.740000,1.115600,13194.970000,1.115700,38294.930000,1.115800,32603.300000
1764326087968,261590314681,1.114800,15099.250000,1.114700,6145.180000,1.114600,8106.370000,1.114500,19282.110000,1.114400,76778.400000,1.114300,5105.010000,1.114200,3196.320000,1.114100,21792.380000,1.114000,16995.500000,1.113900,18222.330000,1.114900,2054.800000,1.115000,3483.080000,1.115100,4168.200000,1.115200,2011.100000,1.115300,7820.300000,1.115400,12474.890000,1.115500,19923.740000,1.115600,13194.970000,1.115700,38294.930000,1.115800,32603.300000
1764326088218,261590319031,1.114800,14733.320000,1.114700,6145.180000,1.114600,8106.370000,1.114500,19282.110000,1.114400,76778.400000,1.114300,5105.010000,1.114200,3196.320000,1.114100,21792.380000,1.114000,16995.500000,1.113900,18222.330000,1.114900,2054.800000,1.115000,3483.080000,1.115100,4168.200000,1.115200,2011.100000,1.115300,7927.920000,1.115400,12474.890000,1.115500,19923.740000,1.115600,13194.970000,1.115700,38294.930000,1.115800,32603.300000
1764326088514,261590323430,1.114800,15002.750000,1.114700,6145.180000,1.114600,8106.370000,1.114500,19282.110000,1.114400,76778.400000,1.114300,5105.010000,1.114200,3196.320000,1.114100,21792.380000,1.114000,16995.500000,1.113900,18222.330000,1.114900,2054.800000,1.115000,3483.080000,1.115100,4168.200000,1.115200,2011.100000,1.115300,7904.130000,1.115400,12474.890000,1.115500,19923.740000,1.115600,13194.970000,1.115700,38294.930000,1.115800,32603.300000
1764326088766,261590329276,1.114800,14584.800000,1.114700,13137.070000,1.114600,8106.370000,1.114500,19282.110000,1.114400,76778.400000,1.114300,5105.010000,1.114200,3196.320000,1.114100,21792.380000,1.114000,16995.500000,1.113900,18222.330000,1.114900,2054.800000,1.115000,3483.080000,1.115100,4168.200000,1.115200,2011.100000,1.115300,7900.540000,1.115400,12474.890000,1.115500,19923.740000,1.115600,13194.970000,1.115700,38294.930000,1.115800,32603.300000
1764326089056,261590334458,1.114800,14766.450000,1.114700,13137.070000,1.114600,8106.370000,1.114500,19282.110000,1.114400,76778.400000,1.114300,5105.010000,1.114200,3196.320000,1.114100,21792.380000,1.114000,16995.500000,1.113900,18222.330000,1.114900,3226.300000,1.115000,3483.080000,1.115100,4168.200000,1.115200,2011.100000,1.115300,7997.440000,1.115400,12474.890000,1.115500,19923.740000,1.115600,13194.970000,1.115700,38294.930000,1.115800,32603.300000
1764326089329,261590339277,1.114800,12933.800000,1.114700,13137.070000,1.114600,8006.370000,1.114500,46928.760000,1.114400,49131.750000,1.114300,5105.010000,1.114200,3196.320000,1.114100,20890.480000,1.114000,16995.500000,1.113900,18222.330000,1.114900,2054.800000,1.115000,2483.080000,1.115100,4168.200000,1.115200,310.710000,1.115300,5843.500000,1.115400,3792.640000,1.115500,19923.740000,1.115600,13194.970000,1.115700,37844.190000,1.115800,28548.940000
1764326089579,261590343545,1.114800,37122.000000,1.114700,12695.870000,1.114600,4543.330000,1.114500,48247.160000,1.114400,49131.750000,1.114300,5105.010000,1.114200,3196.320000,1.114100,19490.480000,1.114000,16995.500000,1.113900,18222.330000,1.114900,2054.800000,1.115000,3483.080000,1.115100,4168.200000,1.115200,10587.850000,1.115300,9283.400000,1.115400,9358.040000,1.115500,19923.740000,1.115600,13194.970000,1.115700,37844.190000,1.115800,27220.940000
1764326089834,261590351759,1.114800,480.390000,1.114700,17038.630000,1.114600,1207.370000,1.114500,20483.190000,1.114400,50826.060000,1.114300,8568.980000,1.114200,30842.970000,1.114100,19490.480000,1.114000,16995.500000,1.113900,18222.330000,1.114900,12923.100000,1.115000,12427.050000,1.115100,4992.900000,1.115200,1889.820000,1.115300,8317.600000,1.115400,11591.730000,1.115500,19923.740000,1.115600,13645.720000,1.115700,38176.190000,1.115800,27521.850000
1764326090087,261590358735,1.114800,3570.060000,1.114700,17038.630000,1.114600,4082.820000,1.114500,18925.230000,1.114400,53927.410000,1.114300,5105.010000,1.114200,30842.970000,1.114100,21358.080000,1.114000,16995.500000,1.113900,18222.330000,1.114900,12923.100000,1.115000,12427.050000,1.115100,4600.760000,1.115200,2438.470000,1.115300,8639.880000,1.115400,11591.730000,1.115500,19923.740000,1.115600,13645.720000,1.115700,38508.190000,1.115800,27521.850000
1764326090349,261590364738,1.114800,300.990000,1.114700,8524.120000,1.114600,10236.340000,1.114500,20851.800000,1.114400,55374.610000,1.114300,7429.530000,1.114200,30842.970000,1.114100,21358.080000,1.114000,16995.500000,1.113900,18222.330000,1.114900,21623.130000,1.115000,3946.780000,1.115100,5303.620000,1.115200,1989.820000,1.115300,8443.260000,1.115400,11491.730000,1.115500,20374.480000,1.115600,13194.970000,1.115700,38988.960000,1.115800,26770.190000
1764326090601,261590370825,1.114900,60262.700000,1.114800,9391.240000,1.114700,25065.390000,1.114600,2074.610000,1.114500,4111.470000,1.114400,75667.340000,1.114300,10713.770000,1.114200,29341.260000,1.114100,6210.720000,1.114000,5795.150000,1.115000,2483.080000,1.115100,3027.980000,1.115200,89.100000,1.115300,230.050000,1.115400,219.150000,1.115500,122.300000,1.115600,89.100000,1.115900,25.550000,1.116000,708.210000,1.116100,121.570000
1764326090851,261590376588,1.115700,14527.680000,1.115600,6610.840000,1.115500,14709.430000,1.115400,8645.390000,1.115300,25887.120000,1.115200,7032.110000,1.115100,57422.800000,1.115000,16512.260000,1.114900,7611.130000,1.114800,9810.350000,1.115800,3923.650000,1.116000,439.860000,1.116100,121.570000,1.116200,1709.760000,1.116300,12.600000,1.116400,2090.820000,1.116500,1711.350000,1.116600,1371.310000,1.116700,655.760000,1.116800,6930.440000
1764326091101,261590381783,1.115700,65689.310000,1.115600,5000.100000,1.115500,16457.510000,1.115400,8021.860000,1.115300,25791.320000,1.115200,3460.770000,1.115100,59053.740000,1.115000,27012.260000,1.114900,7611.130000,1.114800,11276.100000,1.115800,850.580000,1.115900,439.860000,1.116000,2729.400000,1.116100,3766.110000,1.116200,1709.760000,1.116300,1333.860000,1.116400,5236.990000,1.116500,5281.970000,1.116600,18785.600000,1.116700,6953.930000
1764326091351,261590386608,1.115700,13261.490000,1.115600,602.070000,1.115500,3622.770000,1.115400,11293.540000,1.115300,2559.700000,1.115200,14719.570000,1.115100,4724.610000,1.115000,47603.450000,1.114900,11638.820000,1.114800,16316.160000,1.115800,13761.600000,1.115900,2990.920000,1.116000,9710.810000,1.116100,17906.500000,1.116200,3914.940000,1.116300,20208.220000,1.116400,10101.260000,1.116500,23506.480000,1.116600,27390.340000,1.116700,23003.990000
1764326091601,261590391010,1.115700,9909.220000,1.115600,602.070000,1.115500,15943.000000,1.115400,3403.600000,1.115300,4381.760000,1.115200,9003.710000,1.115100,3584.390000,1.115000,18672.350000,1.114900,11638.820000,1.114800,34747.260000,1.115800,2634.920000,1.115900,7561.480000,1.116000,11081.710000,1.116100,22786.640000,1.116200,7015.160000,1.116300,20731.910000,1.116400,10991.830000,1.116500,23838.480000,1.116600,27531.170000,1.116700,42719.540000
1764326091857,261590396287,1.115500,21745.420000,1.115400,15776.890000,1.115300,8869.160000,1.115200,8510.210000,1.115100,34034.680000,1.115000,18672.350000,1.114900,11638.820000,1.114800,7449.610000,1.114700,22262.270000,1.114600,21355.720000,1.115600,651.130000,1.115700,2311.720000,1.115800,8257.120000,1.115900,10878.620000,1.116000,30729.610000,1.116100,11338.880000,1.116200,9976.780000,1.116300,30478.040000,1.116400,39394.070000,1.116500,26826.480000
1764326092109,261590401241,1.115600,36627.030000,1.115500,26956.140000,1.115400,30980.120000,1.115300,4549.260000,1.115200,4244.050000,1.115100,6388.030000,1.115000,18672.350000,1.114900,11638.820000,1.114800,7449.610000,1.114700,22262.270000,1.115700,1580.080000,1.115800,2461.850000,1.115900,3165.150000,1.116000,6477.860000,1.116100,14123.390000,1.116200,16716.400000,1.116300,22286.820000,1.116400,11296.670000,1.116500,38503.570000,1.116600,59480.910000
1764326092360,261590406164,1.115700,55349.060000,1.115600,25427.570000,1.115500,21965.850000,1.115400,31313.120000,1.115300,2295.820000,1.115200,6111.650000,1.115100,9584.350000,1.115000,32635.020000,1.114900,20271.220000,1.114800,14753.290000,1.115800,439.860000,1.115900,3165.150000,1.116000,1936.630000,1.116100,2616.120000,1.116200,2725.850000,1.116300,6117.350000,1.116400,5435.660000,1.116500,20625.290000,1.116600,17242.390000,1.116700,4572.890000
1764326092613,261590411375,1.115700,94058.170000,1.115600,26212.800000,1.115500,22297.850000,1.115400,5105.300000,1.115300,2295.820000,1.115200,4130.050000,1.115100,9584.350000,1.115000,33011.350000,1.114900,20271.220000,1.114800,21398.580000,1.115800,147.190000,1.115900,1138.540000,1.116000,1936.630000,1.116100,4471.300000,1.116200,2069.090000,1.116300,13507.700000,1.116400,5322.200000,1.116500,12150.290000,1.116600,17242.390000,1.116700,5023.640000
1764326092864,261590416794,1.115700,13025.860000,1.115600,3337.530000,1.115500,13237.230000,1.115400,12499.600000,1.115300,3385.600000,1.115200,4130.050000,1.115100,9584.350000,1.115000,33011.350000,1.114900,20271.220000,1.114800,21398.580000,1.115800,24873.040000,1.115900,1974.430000,1.116000,5772.760000,1.116100,14519.270000,1.116200,1923.450000,1.116300,5058.530000,1.116400,6979.710000,1.116500,10310.590000,1.116600,33094.210000,1.116700,32742.790000
1764326093114,261590421806,1.115700,19650.890000,1.115600,3337.530000,1.115500,13237.230000,1.115400,12499.600000,1.115300,31032.250000,1.115200,4130.050000,1.115100,9584.350000,1.115000,33011.350000,1.114900,20271.220000,1.114800,21398.580000,1.115800,24738.040000,1.115900,3905.370000,1.116000,2498.350000,1.116100,12696.170000,1.116200,7995.820000,1.116300,23662.390000,1.116400,34626.360000,1.116500,14111.250000,1.116600,36414.210000,1.116700,15596.140000
1764326093404,261590427686,1.115500,10528.010000,1.115400,9796.380000,1.115300,4778.300000,1.115200,11239.670000,1.115100,4966.390000,1.115000,7334.510000,1.114900,6807.860000,1.114800,33767.540000,1.114700,25458.590000,1.114600,355.720000,1.115600,40274.220000,1.115700,2276.790000,1.115800,3807.600000,1.115900,15707.500000,1.116000,12059.750000,1.116100,6437.380000,1.116200,7846.700000,1.116300,28354.610000,1.116400,34193.180000,1.116500,13951.390000
1764326093654,261590433876,1.115500,15680.040000,1.115400,9796.380000,1.115300,10551.020000,1.115200,5174.490000,1.115100,32613.040000,1.115000,7334.510000,1.114900,6807.860000,1.114800,6120.890000,1.114700,25458.590000,1.114600,355.720000,1.115600,6922.700000,1.115700,1140.220000,1.115800,3807.600000,1.115900,15707.500000,1.116000,10312.730000,1.116100,7136.420000,1.116200,7846.700000,1.116300,28354.610000,1.116400,37288.300000,1.116500,13951.390000
1764326093904,261590440328,1.115500,16055.630000,1.115400,9796.380000,1.115300,9641.210000,1.115200,6084.300000,1.115100,32946.040000,1.115000,7334.510000,1.114900,6807.860000,1.114800,6120.890000,1.114700,25458.590000,1.114600,355.720000,1.115600,6922.700000,1.115700,1140.220000,1.115800,7056.000000,1.115900,14721.020000,1.116000,10248.190000,1.116100,7109.550000,1.116200,7846.700000,1.116300,28354.610000,1.116400,37620.300000,1.116500,13951.390000
1764326094159,261590446458,1.115500,16604.360000,1.115400,9796.380000,1.115300,10551.020000,1.115200,5174.490000,1.115100,32946.040000,1.115000,7334.510000,1.114900,6807.860000,1.114800,6147.790000,1.114700,25458.590000,1.114600,355.720000,1.115600,6783.700000,1.115700,1140.220000,1.115800,7056.000000,1.115900,16058.830000,1.116000,9696.120000,1.116100,5574.620000,1.116200,7873.570000,1.116300,28354.610000,1.116400,37952.300000,1.116500,13951.390000
1764326094413,261590451400,1.115500,16391.150000,1.115400,9796.380000,1.115300,10551.020000,1.115200,5174.490000,1.115100,33279.040000,1.115000,7334.510000,1.114900,6807.860000,1.114800,6147.790000,1.114700,25458.590000,1.114600,355.720000,1.115600,6605.700000,1.115700,1140.220000,1.115800,7056.000000,1.115900,16058.830000,1.116000,9493.430000,1.116100,5574.620000,1.116200,7873.570000,1.116300,28354.610000,1.116400,43928.300000,1.116500,13951.390000
1764326094663,261590455938,1.115500,10168.040000,1.115400,9463.380000,1.115300,4354.980000,1.115200,11239.670000,1.115100,5632.390000,1.115000,50158.000000,1.114900,6807.860000,1.114800,6147.790000,1.114700,25458.590000,1.114600,355.720000,1.115600,6605.700000,1.115700,2202.540000,1.115800,7056.000000,1.115900,16058.830000,1.116000,9658.890000,1.116100,6188.440000,1.116200,10078.750000,1.116300,28354.610000,1.116400,41723.120000,1.116500,13951.390000
1764326094924,261590462548,1.115500,48676.120000,1.115400,6827.540000,1.115300,35400.740000,1.115200,7334.580000,1.115100,10067.390000,1.115000,25707.670000,1.114900,4647.770000,1.114800,16647.790000,1.114700,32762.270000,1.114600,11757.620000,1.115600,5344.010000,1.115700,1230.410000,1.115800,3248.400000,1.115900,5384.210000,1.116000,7119.710000,1.116100,7585.260000,1.116200,10626.570000,1.116300,22870.510000,1.116400,12084.470000,1.116500,14111.240000
1764326095187,261590467730,1.115500,47538.720000,1.115400,7737.350000,1.115300,35733.740000,1.115200,7334.580000,1.115100,10067.390000,1.115000,25707.670000,1.114900,4647.770000,1.114800,16647.790000,1.114700,32762.270000,1.114600,14505.780000,1.115600,2015.130000,1.115700,1140.220000,1.115800,3248.400000,1.115900,5384.210000,1.116000,6848.050000,1.116100,7585.260000,1.116200,10626.570000,1.116300,22870.510000,1.116400,12084.470000,1.116500,43963.070000
1764326095437,261590473451,1.115500,42635.690000,1.115400,7737.350000,1.115300,35733.740000,1.115200,7334.580000,1.115100,10067.390000,1.115000,25707.670000,1.114900,4647.770000,1.114800,16647.790000,1.114700,32762.270000,1.114600,14505.780000,1.115600,2015.130000,1.115700,1140.220000,1.115800,3248.400000,1.115900,6419.030000,1.116000,9829.030000,1.116100,16078.720000,1.116200,10626.570000,1.116300,22870.510000,1.116400,14289.650000,1.116500,41757.890000
1764326095742,261590479233,1.115500,42596.590000,1.115400,7737.350000,1.115300,36399.740000,1.115200,7334.580000,1.115100,10067.390000,1.115000,25707.670000,1.114900,4647.770000,1.114800,18392.790000,1.114700,32762.270000,1.114600,14505.780000,1.115600,2015.130000,1.115700,1140.220000,1.115800,3248.400000,1.115900,6419.030000,1.116000,9752.240000,1.116100,16078.720000,1.116200,10626.570000,1.116300,22870.510000,1.116400,14289.650000,1.116500,41757.890000
1764326096024,261590484804,1.115500,42126.580000,1.115400,7737.350000,1.115300,36399.740000,1.115200,7334.580000,1.115100,10067.390000,1.115000,25707.670000,1.114900,4647.770000,1.114800,18386.790000,1.114700,32762.270000,1.114600,14505.780000,1.115600,2015.130000,1.115700,1140.220000,1.115800,3248.400000,1.115900,6419.030000,1.116000,9823.600000,1.116100,16078.720000,1.116200,10626.570000,1.116300,22870.510000,1.116400,14289.650000,1.116500,41757.890000
1764326096276,261590489265,1.115500,42701.780000,1.115400,7737.350000,1.115300,37731.740000,1.115200,7334.580000,1.115100,10067.390000,1.115000,25707.670000,1.114900,4647.770000,1.114800,19104.790000,1.114700,32762.270000,1.114600,14505.780000,1.115600,2015.130000,1.115700,1140.220000,1.115800,3248.400000,1.115900,6419.030000,1.116000,9894.010000,1.116100,16078.720000,1.116200,10626.570000,1.116300,22870.510000,1.116400,14289.650000,1.116500,41757.890000
1764326096575,261590494796,1.115500,42851.880000,1.115400,7737.350000,1.115300,37731.740000,1.115200,7334.580000,1.115100,10067.390000,1.115000,25707.670000,1.114900,4647.770000,1.114800,19104.790000,1.114700,32762.270000,1.114600,14505.780000,1.115600,2015.130000,1.115700,1140.220000,1.115800,3248.400000,1.115900,5384.210000,1.116000,9856.310000,1.116100,16078.720000,1.116200,10626.570000,1.116300,22870.510000,1.116400,14289.650000,1.116500,41757.890000
1764326096837,261590499129,1.115500,42854.240000,1.115400,7737.350000,1.115300,37731.740000,1.115200,7334.580000,1.115100,10067.390000,1.115000,25707.670000,1.114900,4647.770000,1.114800,19453.790000,1.114700,32762.270000,1.114600,14505.780000,1.115600,2015.130000,1.115700,1140.220000,1.115800,3248.400000,1.115900,5384.210000,1.116000,9881.230000,1.116100,16078.720000,1.116200,10626.570000,1.116300,22870.510000,1.116400,14289.650000,1.116500,41757.890000
1764326097118,261590505210,1.115500,42126.580000,1.115400,7737.350000,1.115300,37389.740000,1.115200,7334.580000,1.115100,10067.390000,1.115000,25707.670000,1.114900,4647.770000,1.114800,19453.790000,1.114700,32762.270000,1.114600,14505.780000,1.115600,1924.940000,1.115700,1230.410000,1.115800,3248.400000,1.115900,5384.210000,1.116000,9752.240000,1.116100,16078.720000,1.116200,10626.570000,1.116300,22870.510000,1.116400,22406.410000,1.116500,41757.890000
1764326097369,261590509959,1.115500,42646.310000,1.115400,7737.350000,1.115300,37389.740000,1.115200,7334.580000,1.115100,10067.390000,1.115000,25707.670000,1.114900,4647.770000,1.114800,19453.790000,1.114700,32762.270000,1.114600,14505.780000,1.115600,1924.940000,1.115700,1230.410000,1.115800,3248.400000,1.115900,5384.210000,1.116000,9870.990000,1.116100,16078.720000,1.116200,10626.570000,1.116300,22870.510000,1.116400,22406.410000,1.116500,41757.890000
1764326097660,261590516057,1.115500,48880.060000,1.115400,7075.540000,1.115300,37389.740000,1.115200,7334.580000,1.115100,10067.390000,1.115000,25707.670000,1.114900,4647.770000,1.114800,20500.790000,1.114700,32762.270000,1.114600,14505.780000,1.115600,1924.940000,1.115700,1230.410000,1.115800,4414.150000,1.115900,5384.210000,1.116000,9812.270000,1.116100,16078.720000,1.116200,10626.570000,1.116300,22870.510000,1.116400,22406.410000,1.116500,41757.890000
1764326097925,261590526655,1.115400,595.150000,1.115300,3744.940000,1.115200,4008.930000,1.115100,13549.100000,1.115000,6193.210000,1.114900,3606.200000,1.114800,38839.140000,1.114700,7085.430000,1.114600,6300.200000,1.114500,22089.630000,1.115500,43355.270000,1.115600,629.800000,1.115700,6525.530000,1.115800,4962.170000,1.115900,8957.700000,1.116000,24161.170000,1.116100,8422.130000,1.116200,8324.320000,1.116300,31165.330000,1.116400,30935.450000
1764326098176,261590536054,1.115200,3659.650000,1.115100,2929.750000,1.115000,17189.990000,1.114900,5648.970000,1.114800,11370.670000,1.114700,9245.520000,1.114600,36106.940000,1.114500,24249.720000,1.114400,48501.660000,1.114300,13912.170000,1.115300,18720.450000,1.115400,22691.910000,1.115500,7743.610000,1.115600,12345.620000,1.115700,9918.330000,1.115800,5908.060000,1.115900,11628.640000,1.116000,27348.580000,1.116100,13849.820000,1.116200,65330.320000
1764326098429,261590543095,1.115200,264.450000,1.115100,703.940000,1.115000,10772.400000,1.114900,4824.360000,1.114800,11450.440000,1.114700,11220.420000,1.114600,33625.940000,1.114500,7943.280000,1.114400,44523.390000,1.114300,13912.170000,1.115300,18810.640000,1.115400,9143.590000,1.115500,13633.420000,1.115600,8346.670000,1.115700,12895.950000,1.115800,6056.660000,1.115900,36252.550000,1.116000,37420.930000,1.116100,24282.310000,1.116200,37482.010000
1764326098680,261590548344,1.115100,321.000000,1.115000,11610.000000,1.114900,2156.170000,1.114800,9756.560000,1.114700,15656.650000,1.114600,2515.810000,1.114500,39053.720000,1.114400,44523.390000,1.114300,17175.770000,1.114200,19689.260000,1.115200,35095.340000,1.115300,7758.330000,1.115400,12521.500000,1.115500,14910.010000,1.115600,7048.610000,1.115700,10071.960000,1.115800,13614.640000,1.115900,39595.280000,1.116000,41595.320000,1.116100,24282.310000
1764326098935,261590556303,1.115000,194.120000,1.114900,1426.090000,1.114800,14737.710000,1.114700,16684.390000,1.114600,7914.840000,1.114500,12725.470000,1.114400,53738.940000,1.114300,35606.870000,1.114200,20739.260000,1.114100,16781.480000,1.115100,31647.430000,1.115200,2315.860000,1.115300,12393.820000,1.115400,17607.180000,1.115500,9033.690000,1.115600,5375.910000,1.115700,10452.180000,1.115800,10510.810000,1.115900,39144.530000,1.116000,38599.570000
1764326099193,261590565050,1.115000,194.120000,1.114900,1393.050000,1.114800,14737.710000,1.114700,17350.390000,1.114600,8913.840000,1.114500,12725.470000,1.114400,53738.940000,1.114300,35606.870000,1.114200,21089.260000,1.114100,16781.480000,1.115100,31647.430000,1.115200,2315.860000,1.115300,8517.270000,1.115400,16956.050000,1.115500,8452.240000,1.115600,5375.910000,1.115700,10452.180000,1.115800,12170.810000,1.115900,39144.530000,1.116000,38599.570000
1764326099449,261590571957,1.115000,200.120000,1.114900,525.670000,1.114800,744.470000,1.114700,23908.480000,1.114600,6080.020000,1.114500,10828.110000,1.114400,48754.540000,1.114300,5545.590000,1.114200,9553.030000,1.114100,36438.220000,1.115100,40854.240000,1.115200,10548.160000,1.115300,12776.130000,1.115400,10566.490000,1.115500,7231.480000,1.115600,33648.990000,1.115700,19079.000000,1.115800,4689.950000,1.115900,14511.340000,1.116000,25899.810000
1764326099700,261590577597,1.114800,179.990000,1.114700,18626.570000,1.114600,3568.400000,1.114500,9188.170000,1.114400,68030.610000,1.114300,5545.590000,1.114200,7756.090000,1.114100,8791.570000,1.114000,5788.180000,1.113900,28929.560000,1.114900,12015.640000,1.115000,4559.560000,1.115100,9019.070000,1.115200,13147.500000,1.115300,7073.590000,1.115400,7899.800000,1.115500,15743.350000,1.115600,35669.550000,1.115700,18754.620000,1.115800,3353.610000
1764326099974,261590582592,1.114800,3152.780000,1.114700,17687.630000,1.114600,5547.140000,1.114500,11519.170000,1.114400,64530.150000,1.114300,5545.590000,1.114200,7756.090000,1.114100,8791.570000,1.114000,6138.180000,1.113900,28929.560000,1.114900,12015.640000,1.115000,4559.560000,1.115100,9019.070000,1.115200,13147.500000,1.115300,8069.860000,1.115400,10392.550000,1.115500,15743.350000,1.115600,38657.550000,1.115700,19086.620000,1.115800,2517.720000
1764326100242,261590594285,1.114800,179.990000,1.114700,8137.790000,1.114600,1521.990000,1.114500,5108.040000,1.114400,35978.370000,1.114300,8649.710000,1.114200,10769.070000,1.114100,8696.400000,1.114000,8298.270000,1.113900,56576.210000,1.114900,20655.840000,1.115000,13270.220000,1.115100,5303.830000,1.115200,5330.640000,1.115300,14000.290000,1.115400,29166.770000,1.115500,13538.170000,1.115600,38206.810000,1.115700,15939.980000,1.115800,22989.860000
1764326100492,261590605924,1.114800,15801.720000,1.114700,15660.550000,1.114600,4618.340000,1.114500,7235.120000,1.114400,34903.990000,1.114300,4700.460000,1.114200,54394.790000,1.114100,11659.760000,1.114000,6138.180000,1.113900,30797.160000,1.114900,2674.860000,1.115000,3360.290000,1.115100,7271.240000,1.115200,14142.600000,1.115300,14597.620000,1.115400,22965.630000,1.115500,6701.870000,1.115600,9564.160000,1.115700,40358.900000,1.115800,25007.630000
1764326100743,261590614213,1.114800,16134.010000,1.114700,15660.550000,1.114600,6683.020000,1.114500,42180.170000,1.114400,35404.020000,1.114300,4700.460000,1.114200,23283.860000,1.114100,11659.760000,1.114000,6138.180000,1.113900,30797.160000,1.114900,2674.860000,1.115000,5210.970000,1.115100,9862.270000,1.115200,13804.810000,1.115300,13775.640000,1.115400,19075.470000,1.115500,6701.870000,1.115600,46719.050000,1.115700,39694.970000,1.115800,24030.430000
1764326100995,261590622191,1.114800,15221.470000,1.114700,15660.550000,1.114600,6683.020000,1.114500,42180.170000,1.114400,35404.020000,1.114300,4700.460000,1.114200,23283.860000,1.114100,11659.760000,1.114000,6138.180000,1.113900,30797.160000,1.114900,1292.090000,1.115000,3360.290000,1.115100,10408.240000,1.115200,14394.670000,1.115300,13632.840000,1.115400,19075.470000,1.115500,18181.750000,1.115600,46268.310000,1.115700,40145.720000,1.115800,24030.430000
1764326101251,261590630025,1.114800,25833.580000,1.114700,16771.630000,1.114600,6547.580000,1.114500,41126.390000,1.114400,37564.110000,1.114300,5839.920000,1.114200,25151.460000,1.114100,9499.670000,1.114000,6138.180000,1.113900,28929.560000,1.114900,992.140000,1.115000,3360.290000,1.115100,7266.090000,1.115200,8117.150000,1.115300,22138.830000,1.115400,20892.360000,1.115500,9794.670000,1.115600,18621.660000,1.115700,40026.970000,1.115800,31819.200000
1764326101508,261590637261,1.114800,25611.070000,1.114700,15077.810000,1.114600,8241.550000,1.114500,56303.230000,1.114400,37564.110000,1.114300,5839.920000,1.114200,25151.460000,1.114100,9499.670000,1.114000,6138.180000,1.113900,28929.560000,1.114900,958.400000,1.115000,1973.200000,1.115100,2562.180000,1.115200,5485.270000,1.115300,15931.770000,1.115400,22171.830000,1.115500,7046.840000,1.115600,18621.660000,1.115700,40026.970000,1.115800,31819.200000
1764326101768,261590646420,1.115000,29138.490000,1.114900,24294.420000,1.114800,8445.920000,1.114700,11627.170000,1.114600,4726.110000,1.114500,56730.800000,1.114400,34271.910000,1.114300,3330.830000,1.114200,31410.370000,1.114100,23501.260000,1.115100,1140.220000,1.115200,3180.090000,1.115300,2616.710000,1.115400,4174.510000,1.115500,5675.400000,1.115600,18501.720000,1.115700,26584.840000,1.115800,13515.100000,1.115900,36756.790000,1.116000,19733.020000
1764326102018,261590655043,1.115100,12566.450000,1.115000,9548.640000,1.114900,14976.670000,1.114800,25894.820000,1.114700,9746.370000,1.114600,2753.810000,1.114500,56730.800000,1.114400,34271.910000,1.114300,3330.830000,1.114200,38316.440000,1.115200,5020.200000,1.115300,4583.020000,1.115400,6587.310000,1.115500,6301.980000,1.115600,18313.430000,1.115700,26274.100000,1.115800,14457.250000,1.115900,36756.790000,1.116000,22202.870000,1.116100,27659.070000
1764326102270,261590663097,1.115100,22169.720000,1.115000,8660.360000,1.114900,14003.900000,1.114800,55230.040000,1.114700,9271.730000,1.114600,2793.810000,1.114500,30951.750000,1.114400,32111.820000,1.114300,3330.830000,1.114200,36448.840000,1.115200,3114.700000,1.115300,1140.220000,1.115400,6336.740000,1.115500,8438.210000,1.115600,16254.310000,1.115700,24066.480000,1.115800,7912.680000,1.115900,9110.140000,1.116000,24251.740000,1.116100,56260.880000
1764326102534,261590670746,1.115100,21577.590000,1.115000,8660.360000,1.114900,14003.900000,1.114800,55230.040000,1.114700,9271.730000,1.114600,2793.810000,1.114500,30951.750000,1.114400,32111.820000,1.114300,3330.830000,1.114200,36448.840000,1.115200,4286.200000,1.115300,1140.220000,1.115400,6336.740000,1.115500,8438.210000,1.115600,16385.930000,1.115700,24066.480000,1.115800,7912.680000,1.115900,9110.140000,1.116000,33549.750000,1.116100,56924.880000
1764326102786,261590679447,1.115100,21968.210000,1.115000,6966.840000,1.114900,17362.570000,1.114800,47013.490000,1.114700,9271.730000,1.114600,12009.360000,1.114500,30951.750000,1.114400,32111.820000,1.114300,3330.830000,1.114200,36448.840000,1.115200,4286.200000,1.115300,1140.220000,1.115400,6336.740000,1.115500,8438.210000,1.115600,16148.920000,1.115700,24066.480000,1.115800,7912.680000,1.115900,9110.140000,1.116000,36513.110000,1.116100,56924.880000
1764326103036,261590691172,1.115100,6527.920000,1.115000,9841.260000,1.114900,4600.620000,1.114800,29931.050000,1.114700,9271.730000,1.114600,7697.310000,1.114500,30951.750000,1.114400,32111.820000,1.114300,3330.830000,1.114200,64095.490000,1.115200,6504.990000,1.115300,3198.560000,1.115400,12823.470000,1.115500,13627.960000,1.115600,7639.390000,1.115700,24184.450000,1.115800,10117.860000,1.115900,9617.970000,1.116000,40037.110000,1.116100,57469.440000
1764326103290,261590703237,1.114900,357.920000,1.114800,11215.480000,1.114700,10393.630000,1.114600,7449.090000,1.114500,35733.830000,1.114400,32111.820000,1.114300,30977.480000,1.114200,38608.930000,1.114100,23501.260000,1.114000,9546.900000,1.115000,15241.700000,1.115100,5747.850000,1.115200,835.890000,1.115300,12113.450000,1.115400,7991.420000,1.115500,8872.280000,1.115600,7648.030000,1.115700,32945.150000,1.115800,35474.720000,1.115900,7236.960000
1764326103569,261590712208,1.114900,685.380000,1.114800,10554.480000,1.114700,10749.460000,1.114600,7449.090000,1.114500,33769.470000,1.114400,32111.820000,1.114300,30977.480000,1.114200,38608.930000,1.114100,23501.260000,1.114000,9896.900000,1.115000,15241.700000,1.115100,4946.660000,1.115200,2484.730000,1.115300,16418.180000,1.115400,11803.750000,1.115500,8872.280000,1.115600,11488.860000,1.115700,33239.580000,1.115800,50029.080000,1.115900,18068.960000
1764326103823,261590718389,1.114800,389.100000,1.114700,16360.030000,1.114600,4755.390000,1.114500,34085.850000,1.114400,37366.120000,1.114300,34441.450000,1.114200,32520.820000,1.114100,14868.860000,1.114000,12056.990000,1.113900,29765.660000,1.114900,4207.720000,1.115000,7795.180000,1.115100,12978.180000,1.115200,10928.900000,1.115300,13524.910000,1.115400,29892.120000,1.115500,35144.840000,1.115600,13457.620000,1.115700,27173.050000,1.115800,15468.770000
1764326104094,261590727141,1.114800,389.100000,1.114700,16460.540000,1.114600,4755.390000,1.114500,35111.750000,1.114400,37366.120000,1.114300,34441.450000,1.114200,32520.820000,1.114100,14868.860000,1.114000,12406.990000,1.113900,30465.660000,1.114900,4207.720000,1.115000,7795.180000,1.115100,12456.370000,1.115200,11477.580000,1.115300,13591.020000,1.115400,22260.090000,1.115500,7903.040000,1.115600,15521.380000,1.115700,53658.790000,1.115800,15498.330000
1764326104374,261590734942,1.114800,13371.400000,1.114700,17033.560000,1.114600,8298.980000,1.114500,35138.650000,1.114400,32777.820000,1.114300,36601.540000,1.114200,32520.820000,1.114100,14868.860000,1.114000,10246.900000,1.113900,30465.660000,1.114900,999.360000,1.115000,2963.360000,1.115100,10821.210000,1.115200,16424.360000,1.115300,13969.230000,1.115400,22260.090000,1.115500,6662.300000,1.115600,15070.630000,1.115700,54441.530000,1.115800,15527.890000
1764326104648,261590742745,1.114800,13183.790000,1.114700,17033.560000,1.114600,8298.980000,1.114500,35138.650000,1.114400,36241.480000,1.114300,33137.570000,1.114200,32520.820000,1.114100,14868.860000,1.114000,10246.900000,1.113900,30465.660000,1.114900,2170.860000,1.115000,2963.360000,1.115100,12210.720000,1.115200,16424.360000,1.115300,13982.600000,1.115400,22260.090000,1.115500,6662.300000,1.115600,15070.630000,1.115700,54441.530000,1.115800,14789.800000
1764326104903,261590749912,1.114800,13301.920000,1.114700,16033.560000,1.114600,9298.980000,1.114500,35165.550000,1.114400,32777.820000,1.114300,36601.540000,1.114200,32520.820000,1.114100,14868.860000,1.114000,10246.900000,1.113900,30815.660000,1.114900,2170.860000,1.115000,2963.360000,1.115100,18484.450000,1.115200,8080.190000,1.115300,14004.670000,1.115400,22260.090000,1.115500,6662.300000,1.115600,15070.630000,1.115700,54441.530000,1.115800,14860.230000
1764326105160,261590756863,1.114800,3763.970000,1.114700,16033.560000,1.114600,9298.980000,1.114500,35192.450000,1.114400,32777.820000,1.114300,36601.540000,1.114200,32520.820000,1.114100,14868.860000,1.114000,10246.900000,1.113900,30815.660000,1.114900,2170.860000,1.115000,7110.900000,1.115100,18867.450000,1.115200,7085.260000,1.115300,13505.100000,1.115400,22260.090000,1.115500,6662.300000,1.115600,19496.130000,1.115700,53990.790000,1.115800,14889.790000
1764326105414,261590763025,1.114800,7315.500000,1.114700,16033.560000,1.114600,9298.980000,1.114500,35192.450000,1.114400,32777.820000,1.114300,36601.540000,1.114200,32520.820000,1.114100,14868.860000,1.114000,10246.900000,1.113900,30815.660000,1.114900,2170.860000,1.115000,7110.900000,1.115100,18867.450000,1.115200,7085.260000,1.115300,13441.840000,1.115400,22260.090000,1.115500,6662.300000,1.115600,19496.130000,1.115700,53990.790000,1.115800,14889.790000
1764326105664,261590769881,1.114800,7251.650000,1.114700,16033.560000,1.114600,9298.980000,1.114500,35192.450000,1.114400,32777.820000,1.114300,36601.540000,1.114200,32520.820000,1.114100,14868.860000,1.114000,10246.900000,1.113900,30815.660000,1.114900,2170.860000,1.115000,7110.900000,1.115100,17927.340000,1.115200,7085.260000,1.115300,13517.490000,1.115400,22260.090000,1.115500,6662.300000,1.115600,19496.130000,1.115700,53990.790000,1.115800,14889.790000
1764326105916,261590781475,1.114800,23252.020000,1.114700,9532.090000,1.114600,7584.100000,1.114500,36461.630000,1.114400,36241.480000,1.114300,33137.570000,1.114200,32520.820000,1.114100,14868.860000,1.114000,10596.900000,1.113900,30815.660000,1.114900,788.090000,1.115000,1763.990000,1.115100,8390.790000,1.115200,12150.460000,1.115300,13421.010000,1.115400,22808.670000,1.115500,6662.300000,1.115600,15070.630000,1.115700,26794.880000,1.115800,17367.740000
1764326106173,261590789552,1.114800,8657.420000,1.114700,6649.720000,1.114600,14211.970000,1.114500,38993.390000,1.114400,36241.480000,1.114300,5508.850000,1.114200,31684.930000,1.114100,24084.410000,1.114000,29028.000000,1.113900,29913.760000,1.114900,2521.420000,1.115000,4238.640000,1.115100,8516.470000,1.115200,3234.990000,1.115300,13385.500000,1.115400,22260.090000,1.115500,7113.040000,1.115600,5191.290000,1.115700,26385.010000,1.115800,17367.740000
1764326106427,261590797601,1.114800,7250.450000,1.114700,15614.630000,1.114600,6246.700000,1.114500,32755.500000,1.114400,35834.780000,1.114300,7203.280000,1.114200,52295.860000,1.114100,14868.860000,1.114000,10596.900000,1.113900,29913.760000,1.114900,2521.420000,1.115000,6556.220000,1.115100,17856.140000,1.115200,3234.990000,1.115300,13463.930000,1.115400,22260.090000,1.115500,6662.300000,1.115600,33288.690000,1.115700,26344.140000,1.115800,17494.060000
