unix_timestamp_ms,bid,ask,mid
1764326047600,896.0,896.1,896.050000
1764326050524,896.0,896.1,896.050000
1764326050784,896.0,896.1,896.050000
1764326051048,896.0,896.1,896.050000
1764326051301,896.0,896.1,896.050000
1764326051556,896.0,896.1,896.050000
1764326051810,896.0,896.1,896.050000
1764326052072,896.0,896.1,896.050000
1764326052322,896.0,896.1,896.050000
1764326052577,896.0,896.1,896.050000
1764326052839,896.0,896.1,896.050000
1764326053093,896.0,896.1,896.050000
1764326053351,896.0,896.1,896.050000
1764326053616,896.0,896.1,896.050000
1764326053868,896.0,896.1,896.050000
1764326054145,896.0,896.1,896.050000
1764326054439,896.0,896.1,896.050000
1764326054690,896.0,896.1,896.050000
1764326054954,896.0,896.1,896.050000
1764326055206,896.0,896.1,896.050000
1764326055460,896.0,896.1,896.050000
1764326055723,896.0,896.1,896.050000
1764326055983,896.0,896.1,896.050000
1764326056239,896.0,896.1,896.050000
1764326056540,896.0,896.1,896.050000
1764326056798,896.0,896.1,896.050000
1764326057060,896.0,896.1,896.050000
1764326057313,896.0,896.1,896.050000
1764326057571,896.0,896.1,896.050000
1764326057821,896.0,896.1,896.050000
1764326058081,896.0,896.1,896.050000
1764326058335,896.0,896.1,896.050000
1764326058593,896.0,896.1,896.050000
1764326058848,896.0,896.1,896.050000
1764326059113,896.0,896.1,896.050000
1764326059392,896.0,896.1,896.050000
1764326059643,896.0,896.1,896.050000
1764326059903,896.0,896.1,896.050000
1764326060154,896.0,896.1,896.050000
1764326060412,896.0,896.1,896.050000
1764326060664,896.0,896.1,896.050000
1764326060932,896.0,896.1,896.050000
1764326061203,896.0,896.1,896.050000
1764326061484,896.0,896.1,896.050000
1764326061754,896.0,896.1,896.050000
1764326062037,896.0,896.1,896.050000
1764326062291,896.0,896.1,896.050000
1764326062543,896.0,896.1,896.050000
1764326062799,896.0,896.1,896.050000
1764326063054,896.0,896.1,896.050000
1764326063335,896.0,896.1,896.050000
1764326063588,896.0,896.1,896.050000
1764326063894,896.0,896.1,896.050000
1764326064144,896.0,896.1,896.050000
1764326064404,896.0,896.1,896.050000
1764326064658,896.0,896.1,896.050000
1764326064935,896.0,896.1,896.050000
1764326065191,896.0,896.1,896.050000
1764326065441,896.0,896.1,896.050000
1764326065716,896.0,896.1,896.050000
1764326065975,896.0,896.1,896.050000
1764326066234,896.0,896.1,896.050000
1764326066484,896.0,896.1,896.050000
1764326066737,896.0,896.1,896.050000
1764326067002,896.0,896.1,896.050000
1764326067284,896.0,896.1,896.050000
1764326067556,896.0,896.1,896.050000
1764326067806,896.0,896.1,896.050000
1764326068072,895.9,896.0,895.950000
1764326068352,895.9,896.0,895.950000
1764326068604,895.9,896.0,895.950000
1764326068857,895.9,896.0,895.950000
1764326069115,895.9,896.0,895.950000
1764326069380,895.9,896.0,895.950000
1764326069647,895.9,896.0,895.950000
1764326069911,895.9,896.0,895.950000
1764326070161,895.9,896.0,895.950000
1764326070444,895.9,896.0,895.950000
1764326070722,895.9,896.0,895.950000
1764326070993,895.9,896.0,895.950000
1764326071249,895.9,896.0,895.950000
1764326071523,895.9,896.0,895.950000
1764326071782,895.9,896.0,895.950000
1764326072045,895.9,896.0,895.950000
1764326072332,895.9,896.0,895.950000
1764326072590,895.9,896.0,895.950000
1764326072869,895.9,896.0,895.950000
1764326073126,895.9,896.0,895.950000
1764326073406,895.9,896.0,895.950000
1764326073656,895.9,896.0,895.950000
1764326073909,895.9,896.0,895.950000
1764326074186,895.9,896.0,895.950000
1764326074457,895.9,896.0,895.950000
1764326074726,895.9,896.0,895.950000
1764326074983,895.9,896.0,895.950000
1764326075236,895.9,896.0,895.950000
1764326075500,895.9,896.0,895.950000
1764326075791,895.9,896.0,895.950000
1764326076041,895.9,896.0,895.950000
1764326076292,895.9,896.0,895.950000
1764326076580,895.9,896.0,895.950000
1764326076835,895.9,896.0,895.950000
1764326077118,895.9,896.0,895.950000
1764326077371,895.9,896.0,895.950000
1764326077623,895.9,896.0,895.950000
1764326077925,895.9,896.0,895.950000
1764326078200,895.9,896.0,895.950000
1764326078462,895.9,896.0,895.950000
1764326078750,895.9,896.0,895.950000
1764326079032,895.9,896.0,895.950000
1764326079283,895.9,896.0,895.950000
1764326079544,895.9,896.0,895.950000
1764326079795,895.9,896.0,895.950000
1764326080045,895.9,896.0,895.950000
1764326080295,895.9,896.0,895.950000
1764326080549,895.9,896.0,895.950000
1764326080845,895.9,896.0,895.950000
1764326081099,895.9,896.0,895.950000
1764326081382,896.0,896.1,896.050000
1764326081647,896.0,896.1,896.050000
1764326081897,896.0,896.1,896.050000
1764326082309,896.0,896.1,896.050000
1764326082563,896.0,896.1,896.050000
1764326082845,896.0,896.1,896.050000
1764326083105,896.0,896.1,896.050000
1764326083356,896.0,896.1,896.050000
1764326083606,896.0,896.1,896.050000
1764326083856,896.0,896.1,896.050000
1764326084137,896.0,896.1,896.050000
1764326084387,896.0,896.1,896.050000
1764326084672,896.0,896.1,896.050000
1764326084923,896.0,896.1,896.050000
1764326085210,896.0,896.1,896.050000
1764326085502,896.0,896.1,896.050000
1764326085770,896.0,896.1,896.050000
1764326086034,896.0,896.1,896.050000
1764326086324,896.0,896.1,896.050000
1764326086601,896.0,896.1,896.050000
1764326086862,896.0,896.1,896.050000
1764326087141,896.0,896.1,896.050000
1764326087417,896.0,896.1,896.050000
1764326087667,896.0,896.1,896.050000
1764326087922,896.0,896.1,896.050000
1764326088195,896.0,896.1,896.050000
1764326088446,896.0,896.1,896.050000
1764326088738,896.0,896.1,896.050000
1764326089024,896.0,896.1,896.050000
1764326089297,896.0,896.1,896.050000
1764326089563,896.0,896.1,896.050000
1764326089827,896.0,896.1,896.050000
1764326090081,896.0,896.1,896.050000
1764326090365,896.0,896.1,896.050000
1764326090616,896.0,896.1,896.050000
1764326090914,896.0,896.1,896.050000
1764326091165,896.0,896.1,896.050000
1764326091419,896.0,896.1,896.050000
1764326091702,896.0,896.1,896.050000
1764326091992,896.0,896.1,896.050000
1764326092256,896.0,896.1,896.050000
1764326092514,896.0,896.1,896.050000
1764326092775,896.0,896.1,896.050000
1764326093026,896.0,896.1,896.050000
1764326093315,896.0,896.1,896.050000
1764326093607,896.0,896.1,896.050000
1764326093857,896.0,896.1,896.050000
1764326094147,896.0,896.1,896.050000
1764326094415,896.0,896.1,896.050000
1764326094687,896.0,896.1,896.050000
1764326094957,895.9,896.0,895.950000
1764326095226,895.9,896.0,895.950000
1764326095481,895.9,896.0,895.950000
1764326095775,895.9,896.0,895.950000
1764326096028,895.9,896.0,895.950000
1764326096283,895.9,896.0,895.950000
1764326096575,895.9,896.0,895.950000
1764326096825,895.9,896.0,895.950000
1764326097110,895.9,896.0,895.950000
1764326097373,895.9,896.0,895.950000
1764326097642,895.9,896.0,895.950000
1764326097899,895.8,895.9,895.850000
1764326098149,895.8,895.9,895.850000
1764326098410,895.8,895.9,895.850000
1764326098700,895.8,895.9,895.850000
1764326098953,895.7,895.8,895.750000
1764326099212,895.7,895.8,895.750000
1764326099480,895.7,895.8,895.750000
1764326099748,895.7,895.8,895.750000
1764326099999,895.7,895.8,895.750000
1764326100249,895.6,895.7,895.650000
1764326100500,895.5,895.6,895.550000
1764326100779,895.5,895.6,895.550000
1764326101067,895.5,895.6,895.550000
1764326101317,895.5,895.6,895.550000
1764326101578,895.5,895.6,895.550000
1764326101844,895.5,895.6,895.550000
1764326102098,895.5,895.6,895.550000
1764326102360,895.5,895.6,895.550000
1764326102614,895.5,895.6,895.550000
1764326102900,895.5,895.6,895.550000
1764326103151,895.1,895.2,895.150000
1764326103401,895.1,895.2,895.150000
1764326103660,895.1,895.2,895.150000
1764326103960,895.1,895.2,895.150000
1764326104215,895.1,895.2,895.150000
1764326104465,895.1,895.2,895.150000
1764326104738,895.1,895.2,895.150000
1764326105010,895.1,895.2,895.150000
1764326105273,895.1,895.2,895.150000
1764326105580,895.1,895.2,895.150000
1764326105867,895.1,895.2,895.150000
1764326106117,895.2,895.3,895.250000
1764326106412,895.2,895.3,895.250000
1764326106664,895.2,895.3,895.250000
1764326106915,895.2,895.3,895.250000
1764326107187,895.2,895.3,895.250000
1764326107458,895.2,895.3,895.250000
1764326107709,895.2,895.3,895.250000
1764326107959,895.3,895.4,895.350000
1764326108209,895.4,895.5,895.450000
1764326108477,895.4,895.5,895.450000
1764326108763,895.4,895.5,895.450000
1764326109019,895.4,895.5,895.450000
1764326109289,895.4,895.5,895.450000
1764326109546,895.4,895.5,895.450000
1764326109830,895.4,895.5,895.450000
1764326110105,895.4,895.5,895.450000
1764326110356,895.4,895.5,895.450000
1764326110623,895.4,895.5,895.450000
1764326110894,895.4,895.5,895.450000
1764326111146,895.4,895.5,895.450000
1764326111407,895.4,895.5,895.450000
1764326111674,895.4,895.5,895.450000
1764326111929,895.4,895.5,895.450000
1764326112210,895.4,895.5,895.450000
1764326112469,895.3,895.4,895.350000
1764326112723,895.3,895.4,895.350000
1764326112978,895.3,895.4,895.350000
1764326113230,895.3,895.4,895.350000
1764326113492,895.3,895.4,895.350000
1764326113742,895.3,895.4,895.350000
1764326113996,895.3,895.4,895.350000
1764326114287,895.3,895.4,895.350000
1764326114560,895.3,895.4,895.350000
1764326114811,895.3,895.4,895.350000
1764326115099,895.3,895.4,895.350000
1764326115353,895.3,895.4,895.350000
1764326115609,895.3,895.4,895.350000
1764326115861,895.3,895.4,895.350000
1764326116115,895.3,895.4,895.350000
1764326116372,895.4,895.5,895.450000
1764326116622,895.5,895.6,895.550000
1764326116882,895.5,895.6,895.550000
1764326117150,895.5,895.6,895.550000
1764326117448,895.5,895.6,895.550000
1764326117713,895.5,895.6,895.550000
1764326117983,895.5,895.6,895.550000
1764326118233,895.5,895.6,895.550000
1764326118517,895.5,895.6,895.550000
1764326118774,895.5,895.6,895.550000
1764326119053,895.5,895.6,895.550000
1764326119304,895.5,895.6,895.550000
1764326119563,895.5,895.6,895.550000
1764326119813,895.5,895.6,895.550000
1764326120106,895.5,895.6,895.550000
1764326120368,895.5,895.6,895.550000
1764326120621,895.5,895.6,895.550000
1764326120910,895.5,895.6,895.550000
1764326121164,895.5,895.6,895.550000
1764326121418,895.5,895.6,895.550000
1764326121669,895.5,895.6,895.550000
1764326121935,895.5,895.6,895.550000
1764326122208,895.5,895.6,895.550000
1764326122459,895.5,895.6,895.550000
1764326122749,895.5,895.6,895.550000
1764326123023,895.5,895.6,895.550000
1764326123280,895.5,895.6,895.550000
1764326123544,895.5,895.6,895.550000
1764326123839,895.5,895.6,895.550000
1764326124089,895.5,895.6,895.550000
1764326124355,895.5,895.6,895.550000
1764326124607,895.5,895.6,895.550000
1764326124861,895.5,895.6,895.550000
1764326125111,895.5,895.6,895.550000
1764326125370,895.5,895.6,895.550000
1764326125636,895.5,895.6,895.550000
1764326125888,895.5,895.6,895.550000
1764326126142,895.5,895.6,895.550000
1764326126392,895.5,895.6,895.550000
1764326126696,895.5,895.6,895.550000
1764326126993,895.5,895.6,895.550000
1764326127243,895.5,895.6,895.550000
1764326127493,895.5,895.6,895.550000
1764326127788,895.5,895.6,895.550000
1764326128079,895.5,895.6,895.550000
1764326128331,895.5,895.6,895.550000
1764326128622,895.5,895.6,895.550000
1764326128895,895.5,895.6,895.550000
1764326129160,895.5,895.6,895.550000
1764326129411,895.5,895.6,895.550000
1764326129664,895.5,895.6,895.550000
1764326129948,895.5,895.6,895.550000
1764326130235,895.5,895.6,895.550000
1764326130485,895.5,895.6,895.550000
1764326130777,895.5,895.6,895.550000
1764326131049,895.5,895.6,895.550000
1764326131318,895.5,895.6,895.550000
1764326131568,895.5,895.6,895.550000
1764326131855,895.5,895.6,895.550000
1764326132127,895.5,895.6,895.550000
1764326132393,895.5,895.6,895.550000
1764326132667,895.5,895.6,895.550000
1764326132920,895.4,895.5,895.450000
1764326133172,895.4,895.5,895.450000
1764326133449,895.4,895.5,895.450000
1764326133701,895.4,895.5,895.450000
1764326133954,895.4,895.5,895.450000
1764326134223,895.4,895.5,895.450000
1764326134478,895.4,895.5,895.450000
1764326134750,895.4,895.5,895.450000
1764326135001,895.4,895.5,895.450000
1764326135252,895.4,895.5,895.450000
1764326135541,895.4,895.5,895.450000
1764326135792,895.4,895.5,895.450000
1764326136084,895.4,895.5,895.450000
1764326136336,895.4,895.5,895.450000
1764326136635,895.4,895.5,895.450000
1764326136939,895.4,895.5,895.450000
1764326137208,895.4,895.5,895.450000
1764326137472,895.3,895.4,895.350000
1764326137724,895.3,895.4,895.350000
1764326137988,895.3,895.4,895.350000
1764326138249,895.3,895.4,895.350000
1764326138502,895.3,895.4,895.350000
1764326138793,895.3,895.4,895.350000
1764326139050,895.3,895.4,895.350000
1764326139356,895.3,895.4,895.350000
1764326139624,895.3,895.4,895.350000
1764326139874,895.3,895.4,895.350000
1764326140174,895.3,895.4,895.350000
1764326140426,895.3,895.4,895.350000
1764326140708,895.3,895.4,895.350000
1764326140980,895.3,895.4,895.350000
1764326141234,895.3,895.4,895.350000
1764326141488,895.3,895.4,895.350000
1764326141776,895.3,895.4,895.350000
1764326142039,895.3,895.4,895.350000
1764326142314,895.3,895.4,895.350000
1764326142583,895.3,895.4,895.350000
1764326142852,895.3,895.4,895.350000
1764326143121,895.3,895.4,895.350000
1764326143390,895.3,895.4,895.350000
1764326143661,895.3,895.4,895.350000
1764326143911,895.3,895.4,895.350000
1764326144165,895.4,895.5,895.450000
1764326144415,895.4,895.5,895.450000
1764326144691,895.4,895.5,895.450000
1764326144992,895.4,895.5,895.450000
1764326145254,895.4,895.5,895.450000
1764326145529,895.4,895.5,895.450000
1764326145797,895.4,895.5,895.450000
1764326146064,895.4,895.5,895.450000
1764326146322,895.4,895.5,895.450000
1764326146589,895.4,895.5,895.450000
1764326146851,895.4,895.5,895.450000
1764326147124,895.4,895.5,895.450000
1764326147395,895.4,895.5,895.450000
1764326147658,895.4,895.5,895.450000
1764326147926,895.4,895.5,895.450000
1764326148201,895.4,895.5,895.450000
1764326148457,895.4,895.5,895.450000
1764326148759,895.4,895.5,895.450000
1764326149027,895.4,895.5,895.450000
1764326149295,895.4,895.5,895.450000
1764326149550,895.4,895.5,895.450000
1764326149803,895.4,895.5,895.450000
1764326150077,895.4,895.5,895.450000
1764326150379,895.4,895.5,895.450000
1764326150651,895.4,895.5,895.450000
1764326150918,895.4,895.5,895.450000
1764326151177,895.4,895.5,895.450000
1764326151429,895.4,895.5,895.450000
1764326151679,895.4,895.5,895.450000
1764326151972,895.4,895.5,895.450000
1764326152271,895.4,895.5,895.450000
1764326152541,895.4,895.5,895.450000
1764326152815,895.4,895.5,895.450000
1764326153088,895.4,895.5,895.450000
1764326153356,895.4,895.5,895.450000
1764326153606,895.4,895.5,895.450000
1764326153891,895.4,895.5,895.450000
1764326154156,895.4,895.5,895.450000
1764326154427,895.4,895.5,895.450000
1764326154681,895.4,895.5,895.450000
1764326154967,895.4,895.5,895.450000
1764326155237,895.4,895.5,895.450000
1764326155512,895.4,895.5,895.450000
1764326155776,895.4,895.5,895.450000
1764326156042,895.4,895.5,895.450000
1764326156315,895.4,895.5,895.450000
1764326156592,895.4,895.5,895.450000
1764326156859,895.4,895.5,895.450000
1764326157127,895.4,895.5,895.450000
1764326157377,895.4,895.5,895.450000
1764326157679,895.4,895.5,895.450000
1764326157936,895.4,895.5,895.450000
1764326158215,895.4,895.5,895.450000
1764326158468,895.4,895.5,895.450000
1764326158755,895.4,895.5,895.450000
1764326159005,895.4,895.5,895.450000
1764326159255,895.3,895.4,895.350000
1764326159528,895.3,895.4,895.350000
1764326159781,895.3,895.4,895.350000
1764326160070,895.3,895.4,895.350000
1764326160322,895.3,895.4,895.350000
1764326160572,895.3,895.4,895.350000
1764326160880,895.2,895.3,895.250000
1764326161133,895.2,895.3,895.250000
1764326161397,895.2,895.3,895.250000
1764326161648,895.2,895.3,895.250000
1764326161908,895.2,895.3,895.250000
1764326162172,895.2,895.3,895.250000
1764326162428,895.2,895.3,895.250000
1764326162684,895.2,895.3,895.250000
1764326162935,895.2,895.3,895.250000
1764326163197,895.2,895.3,895.250000
1764326163447,895.2,895.3,895.250000
1764326163756,895.2,895.3,895.250000
1764326164052,895.2,895.3,895.250000
1764326164304,895.2,895.3,895.250000
1764326164564,895.2,895.3,895.250000
1764326164829,895.2,895.3,895.250000
1764326165118,895.2,895.3,895.250000
1764326165371,895.2,895.3,895.250000
1764326165621,895.2,895.3,895.250000
1764326165876,895.2,895.3,895.250000
1764326166151,895.2,895.3,895.250000
1764326166401,895.2,895.3,895.250000
1764326166670,895.2,895.3,895.250000
1764326166927,895.2,895.3,895.250000
1764326167211,895.2,895.3,895.250000
1764326167461,895.2,895.3,895.250000
1764326167718,895.2,895.3,895.250000
1764326167969,895.2,895.3,895.250000
1764326168221,895.2,895.3,895.250000
1764326168472,895.2,895.3,895.250000
1764326168738,895.2,895.3,895.250000
1764326168999,895.2,895.3,895.250000
1764326169269,895.2,895.3,895.250000
1764326169540,895.2,895.3,895.250000
1764326169808,895.2,895.3,895.250000
1764326170091,895.2,895.3,895.250000
1764326170343,895.2,895.3,895.250000
1764326170599,895.2,895.3,895.250000
1764326170851,895.2,895.3,895.250000
1764326171150,895.2,895.3,895.250000
1764326171403,895.2,895.3,895.250000
1764326171691,895.2,895.3,895.250000
1764326171942,895.3,895.4,895.350000
1764326172201,895.3,895.4,895.350000
1764326172451,895.3,895.4,895.350000
1764326172705,895.3,895.4,895.350000
1764326172983,895.3,895.4,895.350000
1764326173247,895.3,895.4,895.350000
1764326173521,895.3,895.4,895.350000
1764326173792,895.3,895.4,895.350000
1764326174048,895.3,895.4,895.350000
1764326174333,895.3,895.4,895.350000
1764326174608,895.3,895.4,895.350000
1764326174862,895.3,895.4,895.350000
1764326175113,895.3,895.4,895.350000
1764326175363,895.3,895.4,895.350000
1764326175666,895.3,895.4,895.350000
1764326175918,895.3,895.4,895.350000
1764326176168,895.3,895.4,895.350000
1764326176418,895.3,895.4,895.350000
1764326176673,895.3,895.4,895.350000
1764326176957,895.3,895.4,895.350000
1764326177207,895.3,895.4,895.350000
1764326177472,895.3,895.4,895.350000
1764326177722,895.3,895.4,895.350000
1764326177975,895.3,895.4,895.350000
1764326178283,895.3,895.4,895.350000
1764326178587,895.3,895.4,895.350000
1764326178838,895.3,895.4,895.350000
1764326179127,895.3,895.4,895.350000
1764326179377,895.3,895.4,895.350000
1764326179646,895.4,895.5,895.450000
1764326179918,895.4,895.5,895.450000
1764326180170,895.4,895.5,895.450000
1764326180430,895.2,895.3,895.250000
1764326180685,895.2,895.3,895.250000
1764326180947,895.2,895.3,895.250000
1764326181221,895.2,895.3,895.250000
1764326181491,895.2,895.3,895.250000
1764326181745,895.2,895.3,895.250000
1764326182035,895.2,895.3,895.250000
1764326182286,895.2,895.3,895.250000
1764326182564,895.2,895.3,895.250000
1764326182837,895.2,895.3,895.250000
1764326183101,895.2,895.3,895.250000
1764326183351,895.2,895.3,895.250000
1764326183617,895.2,895.3,895.250000
1764326183882,895.2,895.3,895.250000
1764326184170,895.2,895.3,895.250000
1764326184455,895.2,895.3,895.250000
1764326184717,895.2,895.3,895.250000
1764326184993,895.2,895.3,895.250000
1764326185245,895.1,895.2,895.150000
1764326185519,895.1,895.2,895.150000
1764326185772,895.1,895.2,895.150000
1764326186064,895.1,895.2,895.150000
1764326186322,895.1,895.2,895.150000
1764326186572,895.1,895.2,895.150000
1764326186873,895.1,895.2,895.150000
1764326187132,895.1,895.2,895.150000
1764326187396,895.1,895.2,895.150000
1764326187694,895.1,895.2,895.150000
1764326187990,895.1,895.2,895.150000
1764326188257,895.1,895.2,895.150000
1764326188528,895.1,895.2,895.150000
1764326188798,895.1,895.2,895.150000
1764326189065,895.1,895.2,895.150000
1764326189332,895.1,895.2,895.150000
1764326189602,895.1,895.2,895.150000
1764326189853,895.1,895.2,895.150000
1764326190136,895.1,895.2,895.150000
1764326190389,895.1,895.2,895.150000
1764326190667,895.1,895.2,895.150000
1764326190932,895.1,895.2,895.150000
1764326247334,895.4,895.5,895.450000
1764326249241,895.4,895.5,895.450000
1764326249495,895.4,895.5,895.450000
1764326249747,895.4,895.5,895.450000
1764326249997,895.4,895.5,895.450000
1764326250253,895.4,895.5,895.450000
1764326250513,895.4,895.5,895.450000
1764326250767,895.4,895.5,895.450000
1764326251019,895.4,895.5,895.450000
1764326251306,895.4,895.5,895.450000
1764326251557,895.4,895.5,895.450000
1764326251818,895.4,895.5,895.450000
1764326252072,895.4,895.5,895.450000
1764326252324,895.4,895.5,895.450000
1764326252591,895.4,895.5,895.450000
1764326252857,895.4,895.5,895.450000
1764326253129,895.4,895.5,895.450000
1764326253392,895.4,895.5,895.450000
1764326253667,895.4,895.5,895.450000
1764326253919,895.4,895.5,895.450000
1764326254197,895.4,895.5,895.450000
1764326254452,895.4,895.5,895.450000
1764326254738,895.4,895.5,895.450000
1764326255011,895.4,895.5,895.450000
1764326255262,895.4,895.5,895.450000
1764326255512,895.4,895.5,895.450000
1764326255769,895.4,895.5,895.450000
1764326256019,895.4,895.5,895.450000
1764326256279,895.4,895.5,895.450000
1764326256549,895.4,895.5,895.450000
1764326256823,895.4,895.5,895.450000
1764326257094,895.4,895.5,895.450000
1764326257344,895.4,895.5,895.450000
1764326257595,895.4,895.5,895.450000
1764326257845,895.4,895.5,895.450000
1764326258142,895.4,895.5,895.450000
1764326258392,895.4,895.5,895.450000
1764326258678,895.4,895.5,895.450000
1764326258928,895.4,895.5,895.450000
1764326259179,895.4,895.5,895.450000
1764326259432,895.4,895.5,895.450000
1764326259682,895.4,895.5,895.450000
1764326259971,895.4,895.5,895.450000
1764326260223,895.4,895.5,895.450000
1764326260481,895.4,895.5,895.450000
1764326260771,895.4,895.5,895.450000
1764326261067,895.4,895.5,895.450000
1764326261343,895.4,895.5,895.450000
1764326261608,895.4,895.5,895.450000
1764326261877,895.4,895.5,895.450000
1764326262139,895.4,895.5,895.450000
1764326262393,895.4,895.5,895.450000
1764326262682,895.4,895.5,895.450000
1764326262955,895.4,895.5,895.450000
1764326263224,895.4,895.5,895.450000
1764326263493,895.4,895.5,895.450000
1764326263760,895.4,895.5,895.450000
1764326264011,895.4,895.5,895.450000
1764326264307,895.4,895.5,895.450000
1764326264574,895.4,895.5,895.450000
1764326264837,895.4,895.5,895.450000
1764326265103,895.4,895.5,895.450000
1764326265355,895.4,895.5,895.450000
1764326265606,895.4,895.5,895.450000
1764326265904,895.4,895.5,895.450000
1764326266159,895.4,895.5,895.450000
1764326266449,895.4,895.5,895.450000
1764326266745,895.4,895.5,895.450000
1764326266996,895.4,895.5,895.450000
1764326267294,895.4,895.5,895.450000
1764326267544,895.4,895.5,895.450000
1764326267825,895.4,895.5,895.450000
1764326268075,895.2,895.3,895.250000
1764326268325,895.2,895.3,895.250000
1764326268601,895.2,895.3,895.250000
1764326268854,895.2,895.3,895.250000
1764326269112,895.2,895.3,895.250000
1764326269381,895.2,895.3,895.250000
1764326269633,895.2,895.3,895.250000
1764326269886,895.2,895.3,895.250000
1764326270168,895.2,895.3,895.250000
1764326270426,895.2,895.3,895.250000
1764326270697,895.2,895.3,895.250000
1764326270948,895.2,895.3,895.250000
1764326271200,895.2,895.3,895.250000
1764326271452,895.2,895.3,895.250000
1764326271702,895.2,895.3,895.250000
1764326271991,895.2,895.3,895.250000
1764326272247,895.2,895.3,895.250000
1764326272499,895.2,895.3,895.250000
1764326272776,895.2,895.3,895.250000
1764326273027,895.2,895.3,895.250000
1764326273321,895.2,895.3,895.250000
1764326273572,895.2,895.3,895.250000
1764326273863,895.2,895.3,895.250000
1764326274161,895.2,895.3,895.250000
1764326274431,895.2,895.3,895.250000
1764326274696,895.2,895.3,895.250000
1764326274966,895.2,895.3,895.250000
1764326275231,895.2,895.3,895.250000
1764326275483,895.2,895.3,895.250000
1764326275734,895.2,895.3,895.250000
1764326276023,895.2,895.3,895.250000
1764326276320,895.2,895.3,895.250000
1764326276589,895.2,895.3,895.250000
1764326276854,895.2,895.3,895.250000
1764326277124,895.2,895.3,895.250000
1764326277395,895.2,895.3,895.250000
1764326277647,895.2,895.3,895.250000
1764326277935,895.2,895.3,895.250000
1764326278185,895.2,895.3,895.250000
1764326278436,895.2,895.3,895.250000
1764326278731,895.2,895.3,895.250000
1764326279026,895.2,895.3,895.250000
1764326279288,895.2,895.3,895.250000
1764326279556,895.2,895.3,895.250000
1764326279829,895.2,895.3,895.250000
1764326280092,895.2,895.3,895.250000
1764326280355,895.2,895.3,895.250000
1764326280606,895.2,895.3,895.250000
1764326280887,895.2,895.3,895.250000
1764326281181,895.2,895.3,895.250000
1764326281434,895.3,895.4,895.350000
1764326281684,895.3,895.4,895.350000
1764326281937,895.3,895.4,895.350000
1764326282211,895.3,895.4,895.350000
1764326282461,895.3,895.4,895.350000
1764326282719,895.3,895.4,895.350000
1764326283021,895.3,895.4,895.350000
1764326283278,895.3,895.4,895.350000
1764326283554,895.3,895.4,895.350000
1764326283804,895.3,895.4,895.350000
1764326284095,895.3,895.4,895.350000
1764326284345,895.3,895.4,895.350000
1764326284645,895.3,895.4,895.350000
1764326284900,895.3,895.4,895.350000
1764326285178,895.3,895.4,895.350000
1764326285436,895.3,895.4,895.350000
1764326285687,895.3,895.4,895.350000
1764326285937,895.3,895.4,895.350000
1764326286201,895.3,895.4,895.350000
1764326286476,895.3,895.4,895.350000
1764326286757,895.3,895.4,895.350000
1764326287024,895.3,895.4,895.350000
1764326287292,895.3,895.4,895.350000
1764326287542,895.3,895.4,895.350000
1764326287792,895.3,895.4,895.350000
1764326288046,895.4,895.5,895.450000
1764326288297,895.5,895.6,895.550000
1764326288548,895.5,895.6,895.550000
1764326288817,895.5,895.6,895.550000
1764326289068,895.5,895.6,895.550000
1764326289321,895.5,895.6,895.550000
1764326289614,895.5,895.6,895.550000
1764326289873,895.5,895.6,895.550000
1764326290159,895.5,895.6,895.550000
1764326290431,895.5,895.6,895.550000
1764326290683,895.5,895.6,895.550000
1764326290939,895.5,895.6,895.550000
1764326291219,895.5,895.6,895.550000
1764326291469,895.5,895.6,895.550000
1764326291765,895.5,895.6,895.550000
1764326292022,895.5,895.6,895.550000
1764326292294,895.5,895.6,895.550000
1764326292561,895.5,895.6,895.550000
1764326292825,895.5,895.6,895.550000
1764326293112,895.5,895.6,895.550000
1764326293404,895.5,895.6,895.550000
1764326293711,895.5,895.6,895.550000
1764326293961,895.5,895.6,895.550000
1764326294250,895.5,895.6,895.550000
1764326294500,895.5,895.6,895.550000
1764326294751,895.5,895.6,895.550000
1764326295003,895.5,895.6,895.550000
1764326295254,895.5,895.6,895.550000
1764326295558,895.5,895.6,895.550000
1764326295808,895.5,895.6,895.550000
1764326296107,895.5,895.6,895.550000
1764326296358,895.5,895.6,895.550000
1764326296611,895.5,895.6,895.550000
1764326296861,895.5,895.6,895.550000
1764326297111,895.5,895.6,895.550000
1764326297363,895.5,895.6,895.550000
1764326297639,895.5,895.6,895.550000
1764326297904,895.5,895.6,895.550000
1764326298197,895.5,895.6,895.550000
1764326298451,895.5,895.6,895.550000
1764326298745,895.5,895.6,895.550000
1764326298998,895.5,895.6,895.550000
1764326299279,895.5,895.6,895.550000
1764326299532,895.5,895.6,895.550000
1764326299783,895.5,895.6,895.550000
1764326300035,895.5,895.6,895.550000
1764326300328,895.5,895.6,895.550000
1764326300581,895.5,895.6,895.550000
1764326300831,895.5,895.6,895.550000
1764326301142,895.5,895.6,895.550000
1764326301395,895.5,895.6,895.550000
1764326301690,895.5,895.6,895.550000
1764326301992,895.5,895.6,895.550000
1764326302257,895.5,895.6,895.550000
1764326302512,895.5,895.6,895.550000
1764326302779,895.5,895.6,895.550000
1764326303032,895.5,895.6,895.550000
1764326303290,895.5,895.6,895.550000
1764326303553,895.5,895.6,895.550000
1764326303818,895.5,895.6,895.550000
1764326304089,895.5,895.6,895.550000
1764326304367,895.5,895.6,895.550000
1764326304631,895.6,895.7,895.650000
1764326304884,895.6,895.7,895.650000
1764326305146,895.6,895.7,895.650000
1764326305399,895.6,895.7,895.650000
1764326305688,895.6,895.7,895.650000
1764326305943,895.6,895.7,895.650000
1764326306199,895.6,895.7,895.650000
1764326306477,895.6,895.7,895.650000
1764326306733,895.6,895.7,895.650000
1764326306996,895.6,895.7,895.650000
1764326307246,895.6,895.7,895.650000
1764326307496,895.6,895.7,895.650000
1764326307775,895.6,895.7,895.650000
1764326308043,895.6,895.7,895.650000
1764326308296,895.7,895.8,895.750000
1764326308563,895.7,895.8,895.750000
1764326308865,895.7,895.8,895.750000
1764326309127,895.7,895.8,895.750000
1764326309393,895.7,895.8,895.750000
1764326309645,895.7,895.8,895.750000
1764326309924,895.7,895.8,895.750000
1764326310191,895.7,895.8,895.750000
1764326310463,895.7,895.8,895.750000
1764326310714,895.7,895.8,895.750000
1764326310994,895.7,895.8,895.750000
1764326311261,895.7,895.8,895.750000
1764326311540,895.7,895.8,895.750000
1764326311792,895.7,895.8,895.750000
1764326312085,895.7,895.8,895.750000
1764326312336,895.7,895.8,895.750000
1764326312627,895.7,895.8,895.750000
1764326312898,895.7,895.8,895.750000
1764326313152,895.7,895.8,895.750000
1764326313413,895.7,895.8,895.750000
1764326313664,895.7,895.8,895.750000
1764326313919,895.7,895.8,895.750000
1764326314169,895.7,895.8,895.750000
1764326314438,895.7,895.8,895.750000
1764326314700,895.7,895.8,895.750000
1764326314951,895.7,895.8,895.750000
1764326315230,895.7,895.8,895.750000
1764326315522,895.7,895.8,895.750000
1764326315778,895.7,895.8,895.750000
1764326316060,895.7,895.8,895.750000
1764326316318,895.7,895.8,895.750000
1764326316598,895.7,895.8,895.750000
1764326316851,895.7,895.8,895.750000
1764326317139,895.7,895.8,895.750000
1764326317391,895.7,895.8,895.750000
1764326317681,895.7,895.8,895.750000
1764326317933,895.7,895.8,895.750000
1764326318223,895.7,895.8,895.750000
1764326318478,895.7,895.8,895.750000
1764326318770,895.7,895.8,895.750000
1764326319040,895.7,895.8,895.750000
1764326319319,895.7,895.8,895.750000
1764326319590,895.7,895.8,895.750000
1764326319859,895.7,895.8,895.750000
1764326320122,895.7,895.8,895.750000
1764326320395,895.7,895.8,895.750000
1764326320658,895.7,895.8,895.750000
1764326320922,895.7,895.8,895.750000
1764326321200,895.7,895.8,895.750000
1764326321453,895.7,895.8,895.750000
1764326321741,895.6,895.7,895.650000
1764326321995,895.6,895.7,895.650000
1764326322245,895.6,895.7,895.650000
1764326322499,895.6,895.7,895.650000
1764326322755,895.6,895.7,895.650000
1764326323011,895.6,895.7,895.650000
1764326323291,895.6,895.7,895.650000
1764326323558,895.6,895.7,895.650000
1764326323810,895.6,895.7,895.650000
1764326324069,895.6,895.7,895.650000
1764326324319,895.6,895.7,895.650000
1764326324607,895.6,895.7,895.650000
1764326324905,895.6,895.7,895.650000
1764326325168,895.6,895.7,895.650000
1764326325442,895.6,895.7,895.650000
1764326325708,895.6,895.7,895.650000
1764326325963,895.6,895.7,895.650000
1764326326244,895.6,895.7,895.650000
1764326326506,895.6,895.7,895.650000
1764326326764,895.6,895.7,895.650000
1764326327015,895.6,895.7,895.650000
1764326327309,895.6,895.7,895.650000
1764326327614,895.6,895.7,895.650000
1764326327864,895.6,895.7,895.650000
1764326328159,895.6,895.7,895.650000
1764326328412,895.6,895.7,895.650000
1764326328692,895.6,895.7,895.650000
1764326328966,895.6,895.7,895.650000
1764326329231,895.6,895.7,895.650000
1764326329482,895.6,895.7,895.650000
1764326329782,895.6,895.7,895.650000
1764326330032,895.6,895.7,895.650000
1764326330283,895.6,895.7,895.650000
1764326330579,895.6,895.7,895.650000
1764326330829,895.6,895.7,895.650000
1764326331117,895.6,895.7,895.650000
1764326331418,895.6,895.7,895.650000
1764326331686,895.6,895.7,895.650000
1764326331952,895.6,895.7,895.650000
1764326332216,895.6,895.7,895.650000
1764326332486,895.6,895.7,895.650000
1764326332748,895.6,895.7,895.650000
1764326333027,895.6,895.7,895.650000
1764326333281,895.6,895.7,895.650000
1764326333563,895.6,895.7,895.650000
1764326333835,895.6,895.7,895.650000
1764326334111,895.6,895.7,895.650000
1764326334377,895.6,895.7,895.650000
1764326334644,895.6,895.7,895.650000
1764326334904,895.6,895.7,895.650000
1764326335175,895.6,895.7,895.650000
1764326335427,895.6,895.7,895.650000
1764326335714,895.6,895.7,895.650000
1764326335977,895.6,895.7,895.650000
1764326336246,895.6,895.7,895.650000
1764326336519,895.6,895.7,895.650000
1764326336796,895.6,895.7,895.650000
1764326337062,895.6,895.7,895.650000
1764326337337,895.6,895.7,895.650000
1764326337607,895.6,895.7,895.650000
1764326337876,895.6,895.7,895.650000
1764326338144,895.6,895.7,895.650000
1764326338413,895.6,895.7,895.650000
1764326338689,895.6,895.7,895.650000
1764326338962,895.6,895.7,895.650000
1764326339212,895.6,895.7,895.650000
1764326339504,895.6,895.7,895.650000
1764326339774,895.6,895.7,895.650000
1764326340043,895.6,895.7,895.650000
1764326340293,895.6,895.7,895.650000
1764326340590,895.6,895.7,895.650000
1764326340858,895.6,895.7,895.650000
1764326341121,895.6,895.7,895.650000
1764326341393,895.6,895.7,895.650000
1764326341663,895.6,895.7,895.650000
1764326341926,895.6,895.7,895.650000
1764326342198,895.6,895.7,895.650000
1764326342459,895.6,895.7,895.650000
1764326342717,895.6,895.7,895.650000
1764326342970,895.6,895.7,895.650000
1764326343267,895.6,895.7,895.650000
1764326343562,895.6,895.7,895.650000
1764326343834,895.6,895.7,895.650000
1764326344117,895.6,895.7,895.650000
1764326344367,895.6,895.7,895.650000
1764326344619,895.6,895.7,895.650000
1764326344908,895.6,895.7,895.650000
1764326345206,895.6,895.7,895.650000
1764326345474,895.6,895.7,895.650000
1764326345751,895.6,895.7,895.650000
1764326346022,895.6,895.7,895.650000
1764326346293,895.6,895.7,895.650000
1764326346561,895.6,895.7,895.650000
1764326346828,895.6,895.7,895.650000
1764326347081,895.6,895.7,895.650000
1764326347361,895.6,895.7,895.650000
1764326347611,895.6,895.7,895.650000
1764326347911,895.6,895.7,895.650000
1764326348161,895.6,895.7,895.650000
1764326348451,895.6,895.7,895.650000
1764326348701,895.6,895.7,895.650000
1764326348991,895.6,895.7,895.650000
1764326349242,895.6,895.7,895.650000
1764326349495,895.6,895.7,895.650000
1764326349794,895.6,895.7,895.650000
1764326350044,895.6,895.7,895.650000
1764326350364,895.6,895.7,895.650000
1764326350615,895.6,895.7,895.650000
1764326350870,895.6,895.7,895.650000
1764326351122,895.6,895.7,895.650000
1764326351419,895.6,895.7,895.650000
1764326351669,895.6,895.7,895.650000
1764326351966,895.6,895.7,895.650000
1764326352261,895.6,895.7,895.650000
1764326352518,895.6,895.7,895.650000
1764326352774,895.6,895.7,895.650000
1764326353024,895.6,895.7,895.650000
1764326353285,895.6,895.7,895.650000
1764326353593,895.6,895.7,895.650000
1764326353843,895.6,895.7,895.650000
1764326354149,895.6,895.7,895.650000
1764326354401,895.6,895.7,895.650000
1764326354691,895.6,895.7,895.650000
1764326354941,895.6,895.7,895.650000
1764326355195,895.6,895.7,895.650000
1764326355451,895.6,895.7,895.650000
1764326355714,895.6,895.7,895.650000
1764326355964,895.6,895.7,895.650000
1764326356216,895.6,895.7,895.650000
1764326356468,895.6,895.7,895.650000
1764326356759,895.6,895.7,895.650000
1764326357052,895.6,895.7,895.650000
1764326357304,895.6,895.7,895.650000
1764326357572,895.6,895.7,895.650000
1764326357839,895.6,895.7,895.650000
1764326358131,895.6,895.7,895.650000
1764326358401,895.6,895.7,895.650000
1764326358672,895.6,895.7,895.650000
1764326358935,895.6,895.7,895.650000
1764326359199,895.6,895.7,895.650000
1764326359450,895.6,895.7,895.650000
1764326359733,895.6,895.7,895.650000
1764326359989,895.6,895.7,895.650000
1764326360242,895.7,895.8,895.750000
1764326360502,895.7,895.8,895.750000
1764326360809,895.7,895.8,895.750000
1764326361064,895.7,895.8,895.750000
1764326361353,895.7,895.8,895.750000
1764326361603,895.8,895.9,895.850000
1764326361853,895.8,895.9,895.850000
1764326362105,895.8,895.9,895.850000
1764326362373,895.8,895.9,895.850000
1764326362655,895.8,895.9,895.850000
1764326362918,895.8,895.9,895.850000
1764326363170,895.8,895.9,895.850000
1764326363433,895.8,895.9,895.850000
1764326363683,895.8,895.9,895.850000
1764326363937,895.8,895.9,895.850000
1764326364199,895.8,895.9,895.850000
1764326364449,895.8,895.9,895.850000
1764326364745,895.8,895.9,895.850000
1764326365031,895.8,895.9,895.850000
1764326365282,895.8,895.9,895.850000
1764326365566,895.8,895.9,895.850000
1764326365826,895.8,895.9,895.850000
1764326366097,895.8,895.9,895.850000
1764326366348,895.8,895.9,895.850000
1764326366643,895.8,895.9,895.850000
1764326366940,895.8,895.9,895.850000
1764326367192,895.8,895.9,895.850000
1764326367446,895.8,895.9,895.850000
1764326367698,895.8,895.9,895.850000
1764326367953,895.8,895.9,895.850000
1764326368205,895.8,895.9,895.850000
1764326368455,895.8,895.9,895.850000
1764326368754,895.8,895.9,895.850000
1764326369005,895.8,895.9,895.850000
1764326369257,895.8,895.9,895.850000
1764326369536,895.8,895.9,895.850000
1764326369825,895.8,895.9,895.850000
1764326370094,895.8,895.9,895.850000
1764326370374,895.8,895.9,895.850000
1764326370644,895.8,895.9,895.850000
1764326370915,895.8,895.9,895.850000
1764326371166,895.8,895.9,895.850000
1764326371421,895.8,895.9,895.850000
1764326371706,895.8,895.9,895.850000
1764326371996,895.8,895.9,895.850000
1764326372249,895.8,895.9,895.850000
1764326372535,895.8,895.9,895.850000
1764326372801,895.8,895.9,895.850000
1764326373067,895.8,895.9,895.850000
1764326373317,895.8,895.9,895.850000
1764326373615,895.8,895.9,895.850000
1764326373893,895.8,895.9,895.850000
1764326374183,895.8,895.9,895.850000
1764326374438,895.8,895.9,895.850000
1764326374689,895.8,895.9,895.850000
1764326374941,895.8,895.9,895.850000
1764326375204,895.9,896.0,895.950000
1764326375460,895.9,896.0,895.950000
1764326375736,895.9,896.0,895.950000
1764326375989,895.9,896.0,895.950000
1764326376245,895.9,896.0,895.950000
1764326376495,895.9,896.0,895.950000
1764326376749,895.9,896.0,895.950000
1764326377000,895.9,896.0,895.950000
1764326377250,895.9,896.0,895.950000
1764326377537,895.9,896.0,895.950000
1764326377787,895.9,896.0,895.950000
1764326378083,895.9,896.0,895.950000
1764326378334,895.9,896.0,895.950000
1764326378628,896.0,896.1,896.050000
1764326378878,896.0,896.1,896.050000
1764326379130,896.0,896.1,896.050000
1764326379384,896.0,896.1,896.050000
1764326379637,896.0,896.1,896.050000
1764326379900,896.0,896.1,896.050000
1764326380173,896.0,896.1,896.050000
1764326380449,896.0,896.1,896.050000
1764326380726,896.0,896.1,896.050000
1764326380997,896.0,896.1,896.050000
1764326381260,896.0,896.1,896.050000
1764326381520,896.0,896.1,896.050000
1764326381788,896.0,896.1,896.050000
1764326382041,896.0,896.1,896.050000
1764326382318,896.0,896.1,896.050000
1764326382588,896.0,896.1,896.050000
1764326382855,896.0,896.1,896.050000
1764326383122,896.0,896.1,896.050000
1764326383377,896.0,896.1,896.050000
1764326383631,896.0,896.1,896.050000
1764326383924,896.0,896.1,896.050000
1764326384199,896.0,896.1,896.050000
1764326384472,896.0,896.1,896.050000
1764326384747,896.0,896.1,896.050000
1764326385015,896.0,896.1,896.050000
1764326385265,896.0,896.1,896.050000
1764326385557,896.0,896.1,896.050000
1764326385815,896.0,896.1,896.050000
1764326386088,896.0,896.1,896.050000
1764326386345,896.0,896.1,896.050000
1764326386620,896.0,896.1,896.050000
1764326386871,896.0,896.1,896.050000
1764326387122,896.0,896.1,896.050000
1764326387413,896.0,896.1,896.050000
1764326387663,895.8,895.9,895.850000
1764326387914,895.8,895.9,895.850000
1764326388167,895.8,895.9,895.850000
1764326388426,895.8,895.9,895.850000
1764326388712,895.8,895.9,895.850000
1764326388965,895.8,895.9,895.850000
1764326389244,895.8,895.9,895.850000
1764326389503,895.8,895.9,895.850000
1764326389755,895.8,895.9,895.850000
1764326390038,895.8,895.9,895.850000
1764326390338,895.8,895.9,895.850000
1764326390603,895.8,895.9,895.850000
1764326390873,895.8,895.9,895.850000
1764326391125,895.8,895.9,895.850000
1764326391410,895.8,895.9,895.850000
1764326391666,895.8,895.9,895.850000
1764326391962,895.8,895.9,895.850000
1764326392213,895.8,895.9,895.850000
1764326392507,895.8,895.9,895.850000
1764326392757,895.8,895.9,895.850000
1764326393012,895.8,895.9,895.850000
1764326393307,895.8,895.9,895.850000
1764326393573,895.8,895.9,895.850000
1764326393843,895.8,895.9,895.850000
1764326394108,895.8,895.9,895.850000
1764326394372,895.8,895.9,895.850000
1764326394637,895.8,895.9,895.850000
1764326394911,895.8,895.9,895.850000
1764326395180,895.8,895.9,895.850000
1764326395445,895.8,895.9,895.850000
1764326395716,895.8,895.9,895.850000
1764326395981,895.8,895.9,895.850000
1764326396245,895.8,895.9,895.850000
1764326396513,895.8,895.9,895.850000
1764326396764,895.8,895.9,895.850000
1764326397058,895.8,895.9,895.850000
1764326397326,895.8,895.9,895.850000
1764326397598,895.8,895.9,895.850000
1764326397855,895.8,895.9,895.850000
1764326398137,895.8,895.9,895.850000
1764326398389,895.8,895.9,895.850000
1764326398640,895.9,896.0,895.950000
1764326398901,895.9,896.0,895.950000
1764326399195,895.9,896.0,895.950000
1764326399456,895.9,896.0,895.950000
1764326399740,895.9,896.0,895.950000
1764326399990,895.9,896.0,895.950000
1764326400271,895.9,896.0,895.950000
1764326400522,895.9,896.0,895.950000
1764326400774,896.0,896.1,896.050000
1764326401024,896.0,896.1,896.050000
1764326401274,896.0,896.1,896.050000
1764326401524,896.0,896.1,896.050000
1764326401774,896.0,896.1,896.050000
1764326402026,896.0,896.1,896.050000
1764326402281,896.0,896.1,896.050000
1764326402535,896.0,896.1,896.050000
1764326402795,896.0,896.1,896.050000
1764326403056,896.0,896.1,896.050000
1764326403333,896.0,896.1,896.050000
1764326403585,896.0,896.1,896.050000
1764326403846,896.1,896.2,896.150000
1764326404137,896.1,896.2,896.150000
1764326404387,896.1,896.2,896.150000
1764326404659,896.1,896.2,896.150000
1764326404928,896.1,896.2,896.150000
1764326405180,896.1,896.2,896.150000
1764326405433,896.1,896.2,896.150000
1764326405715,896.1,896.2,896.150000
1764326405969,896.1,896.2,896.150000
1764326406220,896.1,896.2,896.150000
1764326406493,896.1,896.2,896.150000
1764326406757,896.1,896.2,896.150000
1764326407007,896.1,896.2,896.150000
1764326407262,896.1,896.2,896.150000
1764326407539,896.1,896.2,896.150000
1764326407800,896.1,896.2,896.150000
1764326408088,896.1,896.2,896.150000
1764326408338,896.1,896.2,896.150000
1764326408590,896.1,896.2,896.150000
1764326408840,896.1,896.2,896.150000
1764326409106,896.1,896.2,896.150000
1764326409359,896.1,896.2,896.150000
1764326409644,896.1,896.2,896.150000
1764326409914,896.1,896.2,896.150000
1764326410185,896.1,896.2,896.150000
1764326410436,896.1,896.2,896.150000
1764326410705,896.1,896.2,896.150000
1764326411001,896.1,896.2,896.150000
1764326411251,896.1,896.2,896.150000
1764326411534,896.1,896.2,896.150000
1764326411786,896.1,896.2,896.150000
1764326412036,896.1,896.2,896.150000
1764326412316,896.1,896.2,896.150000
1764326412612,896.1,896.2,896.150000
1764326412864,896.1,896.2,896.150000
1764326413121,896.1,896.2,896.150000
1764326413371,896.1,896.2,896.150000
1764326413621,896.1,896.2,896.150000
1764326413889,896.1,896.2,896.150000
1764326414147,896.1,896.2,896.150000
1764326414408,896.1,896.2,896.150000
1764326414658,896.1,896.2,896.150000
1764326414951,896.1,896.2,896.150000
1764326415218,896.1,896.2,896.150000
1764326415489,896.1,896.2,896.150000
1764326415758,896.1,896.2,896.150000
1764326416026,896.1,896.2,896.150000
1764326416296,896.1,896.2,896.150000
1764326416549,896.1,896.2,896.150000
1764326416843,896.1,896.2,896.150000
1764326417093,896.1,896.2,896.150000
1764326417343,896.1,896.2,896.150000
1764326417644,896.1,896.2,896.150000
1764326417897,896.1,896.2,896.150000
1764326418184,896.1,896.2,896.150000
1764326418482,896.1,896.2,896.150000
1764326418749,896.1,896.2,896.150000
1764326419017,896.1,896.2,896.150000
1764326419269,896.1,896.2,896.150000
1764326419568,896.1,896.2,896.150000
1764326419832,896.1,896.2,896.150000
1764326420100,896.1,896.2,896.150000
1764326420371,896.1,896.2,896.150000
1764326420639,896.1,896.2,896.150000
1764326420890,896.1,896.2,896.150000
1764326421142,896.0,896.1,896.050000
1764326421393,896.0,896.1,896.050000
1764326421648,896.0,896.1,896.050000
1764326421904,896.0,896.1,896.050000
1764326422190,896.0,896.1,896.050000
1764326422444,896.0,896.1,896.050000
1764326422696,896.0,896.1,896.050000
1764326422961,896.0,896.1,896.050000
1764326423237,896.0,896.1,896.050000
1764326423497,896.0,896.1,896.050000
1764326423763,896.0,896.1,896.050000
1764326424013,896.0,896.1,896.050000
1764326424278,896.0,896.1,896.050000
1764326424542,896.0,896.1,896.050000
1764326424801,896.0,896.1,896.050000
1764326425087,896.0,896.1,896.050000
1764326425338,896.0,896.1,896.050000
1764326425632,896.0,896.1,896.050000
1764326425882,896.0,896.1,896.050000
1764326426137,896.0,896.1,896.050000
1764326426421,896.0,896.1,896.050000
1764326426674,896.0,896.1,896.050000
1764326426973,896.0,896.1,896.050000
1764326427223,896.0,896.1,896.050000
1764326427517,896.0,896.1,896.050000
1764326427767,896.0,896.1,896.050000
1764326428018,896.0,896.1,896.050000
1764326428272,896.0,896.1,896.050000
1764326428545,896.0,896.1,896.050000
1764326428812,896.0,896.1,896.050000
1764326429064,896.0,896.1,896.050000
1764326429360,896.0,896.1,896.050000
1764326429615,896.0,896.1,896.050000
1764326429902,896.0,896.1,896.050000
1764326430152,896.0,896.1,896.050000
1764326430439,896.0,896.1,896.050000
1764326430722,896.0,896.1,896.050000
1764326430989,896.0,896.1,896.050000
1764326431239,896.0,896.1,896.050000
1764326431492,896.0,896.1,896.050000
1764326431747,896.0,896.1,896.050000
1764326432046,896.0,896.1,896.050000
1764326432307,896.0,896.1,896.050000
1764326432580,896.0,896.1,896.050000
1764326432830,896.0,896.1,896.050000
1764326433129,896.0,896.1,896.050000
1764326433424,896.0,896.1,896.050000
1764326433694,896.0,896.1,896.050000
1764326433991,896.0,896.1,896.050000
1764326434247,896.0,896.1,896.050000
1764326434502,896.0,896.1,896.050000
1764326434758,896.0,896.1,896.050000
1764326435008,896.0,896.1,896.050000
1764326435266,896.0,896.1,896.050000
1764326435533,896.0,896.1,896.050000
1764326435805,896.0,896.1,896.050000
1764326436056,896.0,896.1,896.050000
1764326436349,896.0,896.1,896.050000
1764326436622,896.0,896.1,896.050000
1764326436881,896.0,896.1,896.050000
1764326437134,896.0,896.1,896.050000
1764326437412,896.0,896.1,896.050000
1764326437673,896.0,896.1,896.050000
1764326437952,896.0,896.1,896.050000
1764326438246,896.0,896.1,896.050000
1764326438511,896.0,896.1,896.050000
1764326438784,896.0,896.1,896.050000
1764326439034,896.0,896.1,896.050000
1764326439316,896.0,896.1,896.050000
1764326439566,896.0,896.1,896.050000
1764326439818,896.0,896.1,896.050000
1764326440119,896.0,896.1,896.050000
1764326440370,896.0,896.1,896.050000
1764326440665,896.0,896.1,896.050000
1764326440919,896.0,896.1,896.050000
1764326441171,896.0,896.1,896.050000
1764326441422,896.0,896.1,896.050000
1764326441684,896.0,896.1,896.050000
1764326441960,896.0,896.1,896.050000
1764326442232,896.0,896.1,896.050000
1764326442495,896.0,896.1,896.050000
1764326442745,896.0,896.1,896.050000
1764326443038,896.0,896.1,896.050000
1764326443288,896.0,896.1,896.050000
1764326443540,896.0,896.1,896.050000
1764326443829,896.0,896.1,896.050000
1764326444083,896.0,896.1,896.050000
1764326444384,896.0,896.1,896.050000
1764326444635,896.0,896.1,896.050000
1764326444918,896.0,896.1,896.050000
1764326445193,896.0,896.1,896.050000
1764326445476,896.0,896.1,896.050000
1764326445742,896.0,896.1,896.050000
1764326446018,896.0,896.1,896.050000
1764326446270,896.0,896.1,896.050000
1764326446523,896.0,896.1,896.050000
1764326446778,896.0,896.1,896.050000
1764326447030,896.0,896.1,896.050000
1764326447285,896.0,896.1,896.050000
1764326447547,896.0,896.1,896.050000
1764326447799,896.0,896.1,896.050000
1764326448051,896.0,896.1,896.050000
1764326448352,896.0,896.1,896.050000
1764326448602,896.0,896.1,896.050000
1764326448884,896.0,896.1,896.050000
1764326449149,896.0,896.1,896.050000
1764326449419,896.0,896.1,896.050000
1764326449683,896.0,896.1,896.050000
1764326449954,896.0,896.1,896.050000
1764326450226,896.0,896.1,896.050000
1764326450477,896.0,896.1,896.050000
1764326450780,896.0,896.1,896.050000
1764326451054,896.0,896.1,896.050000
1764326451327,896.0,896.1,896.050000
1764326451590,896.0,896.1,896.050000
1764326451885,896.0,896.1,896.050000
1764326452138,896.0,896.1,896.050000
1764326452389,896.0,896.1,896.050000
1764326452639,896.0,896.1,896.050000
1764326452892,896.0,896.1,896.050000
1764326453191,896.0,896.1,896.050000
1764326453488,896.0,896.1,896.050000
1764326453742,896.0,896.1,896.050000
1764326454025,896.0,896.1,896.050000
1764326454299,896.0,896.1,896.050000
1764326454564,896.0,896.1,896.050000
1764326454814,896.0,896.1,896.050000
1764326455109,896.0,896.1,896.050000
1764326455376,896.0,896.1,896.050000
1764326455650,896.0,896.1,896.050000
1764326455919,896.0,896.1,896.050000
1764326456187,896.0,896.1,896.050000
1764326456441,896.0,896.1,896.050000
1764326456731,896.0,896.1,896.050000
1764326456982,896.0,896.1,896.050000
1764326457289,896.0,896.1,896.050000
1764326457559,896.0,896.1,896.050000
1764326457827,896.0,896.1,896.050000
1764326458094,896.0,896.1,896.050000
1764326458361,896.0,896.1,896.050000
1764326458627,896.0,896.1,896.050000
1764326458881,896.0,896.1,896.050000
1764326459137,896.0,896.1,896.050000
1764326459432,896.0,896.1,896.050000
1764326459700,896.0,896.1,896.050000
1764326459967,896.0,896.1,896.050000
1764326460219,896.0,896.1,896.050000
1764326460470,896.0,896.1,896.050000
1764326460779,896.0,896.1,896.050000
1764326461031,896.0,896.1,896.050000
1764326461297,896.0,896.1,896.050000
1764326461587,896.0,896.1,896.050000
1764326461838,896.0,896.1,896.050000
1764326462140,896.0,896.1,896.050000
1764326462418,896.0,896.1,896.050000
1764326462681,896.0,896.1,896.050000
1764326462968,896.0,896.1,896.050000
1764326463220,896.0,896.1,896.050000
1764326463511,896.0,896.1,896.050000
1764326463764,896.0,896.1,896.050000
1764326464028,896.0,896.1,896.050000
1764326464311,896.0,896.1,896.050000
1764326464563,896.0,896.1,896.050000
1764326464824,896.0,896.1,896.050000
1764326465101,896.0,896.1,896.050000
1764326465373,896.0,896.1,896.050000
1764326465630,896.0,896.1,896.050000
1764326465886,896.0,896.1,896.050000
1764326466170,896.0,896.1,896.050000
1764326466445,896.0,896.1,896.050000
1764326466695,896.0,896.1,896.050000
1764326466990,896.0,896.1,896.050000
1764326467240,896.0,896.1,896.050000
1764326467542,896.0,896.1,896.050000
1764326467831,896.0,896.1,896.050000
1764326468081,896.0,896.1,896.050000
1764326468338,896.0,896.1,896.050000
1764326468589,896.0,896.1,896.050000
1764326468841,896.0,896.1,896.050000
1764326469092,896.0,896.1,896.050000
1764326469351,896.0,896.1,896.050000
1764326469622,896.0,896.1,896.050000
1764326469899,896.0,896.1,896.050000
1764326470154,896.0,896.1,896.050000
1764326470404,896.0,896.1,896.050000
1764326470697,896.0,896.1,896.050000
1764326470982,896.0,896.1,896.050000
1764326471233,896.0,896.1,896.050000
1764326471484,896.0,896.1,896.050000
1764326471737,896.0,896.1,896.050000
1764326472013,896.0,896.1,896.050000
1764326472263,896.0,896.1,896.050000
1764326472517,896.0,896.1,896.050000
1764326472771,896.0,896.1,896.050000
1764326473033,896.0,896.1,896.050000
1764326473305,896.0,896.1,896.050000
1764326473572,896.0,896.1,896.050000
1764326473824,896.0,896.1,896.050000
1764326474108,896.0,896.1,896.050000
1764326474360,896.0,896.1,896.050000
1764326474620,896.0,896.1,896.050000
1764326474870,896.0,896.1,896.050000
1764326475122,896.0,896.1,896.050000
1764326475373,896.0,896.1,896.050000
1764326475640,896.0,896.1,896.050000
1764326475913,896.0,896.1,896.050000
1764326476188,896.0,896.1,896.050000
1764326476439,896.0,896.1,896.050000
1764326476712,896.0,896.1,896.050000
1764326477006,896.0,896.1,896.050000
1764326477258,896.0,896.1,896.050000
1764326477525,896.0,896.1,896.050000
1764326477794,896.0,896.1,896.050000
1764326478044,896.0,896.1,896.050000
1764326478343,896.0,896.1,896.050000
1764326478631,896.0,896.1,896.050000
1764326478901,896.0,896.1,896.050000
1764326479152,896.0,896.1,896.050000
1764326479404,896.0,896.1,896.050000
1764326479656,896.0,896.1,896.050000
1764326479908,896.0,896.1,896.050000
1764326480158,896.0,896.1,896.050000
1764326480409,896.0,896.1,896.050000
1764326480678,896.0,896.1,896.050000
1764326480973,896.0,896.1,896.050000
1764326481235,896.0,896.1,896.050000
1764326481487,896.0,896.1,896.050000
1764326481745,896.0,896.1,896.050000
1764326482042,896.0,896.1,896.050000
1764326482313,896.0,896.1,896.050000
1764326482564,896.0,896.1,896.050000
1764326482846,896.0,896.1,896.050000
1764326483106,896.0,896.1,896.050000
1764326483383,896.0,896.1,896.050000
1764326483647,896.0,896.1,896.050000
1764326483900,896.0,896.1,896.050000
1764326484195,896.0,896.1,896.050000
1764326484448,896.0,896.1,896.050000
1764326484748,896.0,896.1,896.050000
1764326485044,896.0,896.1,896.050000
1764326485301,896.0,896.1,896.050000
1764326485553,896.0,896.1,896.050000
1764326485806,896.0,896.1,896.050000
1764326486066,896.0,896.1,896.050000
1764326486319,896.0,896.1,896.050000
1764326486587,896.0,896.1,896.050000
1764326486859,896.0,896.1,896.050000
1764326487110,896.0,896.1,896.050000
1764326487360,896.0,896.1,896.050000
1764326487610,896.0,896.1,896.050000
1764326487862,896.0,896.1,896.050000
1764326488123,896.0,896.1,896.050000
1764326488389,896.0,896.1,896.050000
1764326488663,896.0,896.1,896.050000
1764326488914,896.0,896.1,896.050000
1764326489191,896.0,896.1,896.050000
1764326489455,896.0,896.1,896.050000
1764326489712,896.0,896.1,896.050000
1764326490005,896.0,896.1,896.050000
1764326490256,896.0,896.1,896.050000
1764326490547,896.0,896.1,896.050000
1764326490803,896.0,896.1,896.050000
1764326491067,896.0,896.1,896.050000
1764326491317,896.0,896.1,896.050000
1764326491611,896.0,896.1,896.050000
1764326491863,896.0,896.1,896.050000
1764326492148,896.0,896.1,896.050000
1764326492400,896.0,896.1,896.050000
1764326492652,896.0,896.1,896.050000
1764326492956,896.0,896.1,896.050000
1764326493206,896.0,896.1,896.050000
1764326493458,896.0,896.1,896.050000
1764326493717,896.0,896.1,896.050000
1764326493973,896.0,896.1,896.050000
1764326494230,896.0,896.1,896.050000
1764326494516,896.0,896.1,896.050000
1764326494783,896.0,896.1,896.050000
1764326495034,896.0,896.1,896.050000
1764326495286,896.0,896.1,896.050000
1764326495559,896.0,896.1,896.050000
1764326495809,896.0,896.1,896.050000
1764326496067,896.0,896.1,896.050000
1764326496323,896.0,896.1,896.050000
1764326496574,896.0,896.1,896.050000
1764326496845,896.0,896.1,896.050000
1764326497095,896.0,896.1,896.050000
1764326497349,896.0,896.1,896.050000
1764326497600,896.0,896.1,896.050000
1764326497862,896.0,896.1,896.050000
1764326498134,896.0,896.1,896.050000
1764326498388,896.0,896.1,896.050000
1764326498646,896.0,896.1,896.050000
1764326498923,896.0,896.1,896.050000
1764326499177,896.0,896.1,896.050000
1764326499480,896.0,896.1,896.050000
1764326499749,896.0,896.1,896.050000
1764326500004,896.0,896.1,896.050000
1764326500255,896.0,896.1,896.050000
1764326500512,896.0,896.1,896.050000
1764326500768,896.0,896.1,896.050000
1764326501024,896.0,896.1,896.050000
1764326501311,896.0,896.1,896.050000
1764326501603,896.0,896.1,896.050000
1764326501856,896.0,896.1,896.050000
1764326502141,896.0,896.1,896.050000
1764326502421,896.0,896.1,896.050000
1764326502699,896.0,896.1,896.050000
1764326502953,896.0,896.1,896.050000
1764326503237,896.0,896.1,896.050000
1764326503492,896.0,896.1,896.050000
1764326503743,896.0,896.1,896.050000
1764326504016,896.0,896.1,896.050000
1764326504266,896.0,896.1,896.050000
1764326504516,896.0,896.1,896.050000
1764326504780,896.0,896.1,896.050000
1764326505039,896.0,896.1,896.050000
1764326505289,896.0,896.1,896.050000
1764326505540,896.0,896.1,896.050000
1764326505833,896.0,896.1,896.050000
1764326506084,896.0,896.1,896.050000
1764326506381,896.0,896.1,896.050000
1764326506631,896.0,896.1,896.050000
1764326506913,896.0,896.1,896.050000
1764326507185,896.0,896.1,896.050000
1764326507436,896.0,896.1,896.050000
1764326507697,896.0,896.1,896.050000
1764326507994,896.0,896.1,896.050000
1764326508288,896.0,896.1,896.050000
1764326508538,896.0,896.1,896.050000
1764326508790,896.0,896.1,896.050000
1764326509041,896.0,896.1,896.050000
1764326509299,896.0,896.1,896.050000
1764326509570,896.0,896.1,896.050000
1764326509820,896.0,896.1,896.050000
1764326510070,896.0,896.1,896.050000
1764326510352,896.0,896.1,896.050000
1764326510655,896.0,896.1,896.050000
1764326510905,896.0,896.1,896.050000
1764326511174,896.0,896.1,896.050000
1764326511449,896.0,896.1,896.050000
1764326511701,896.0,896.1,896.050000
1764326511988,896.0,896.1,896.050000
1764326512246,896.0,896.1,896.050000
1764326512515,896.0,896.1,896.050000
1764326512765,896.0,896.1,896.050000
1764326513067,896.0,896.1,896.050000
1764326513361,896.0,896.1,896.050000
1764326513630,896.0,896.1,896.050000
1764326513900,896.0,896.1,896.050000
1764326514152,896.0,896.1,896.050000
1764326514440,896.0,896.1,896.050000
1764326514703,896.0,896.1,896.050000
1764326514978,896.0,896.1,896.050000
1764326515228,896.0,896.1,896.050000
1764326515479,896.0,896.1,896.050000
1764326515771,896.0,896.1,896.050000
1764326516070,896.0,896.1,896.050000
1764326516322,896.0,896.1,896.050000
1764326516612,896.0,896.1,896.050000
1764326516882,896.0,896.1,896.050000
1764326517146,896.0,896.1,896.050000
1764326517420,896.0,896.1,896.050000
1764326517686,896.0,896.1,896.050000
1764326517961,896.0,896.1,896.050000
1764326518228,896.0,896.1,896.050000
1764326518509,896.0,896.1,896.050000
1764326518762,896.0,896.1,896.050000
1764326519033,896.0,896.1,896.050000
1764326519286,896.0,896.1,896.050000
1764326519539,896.0,896.1,896.050000
1764326519827,896.0,896.1,896.050000
1764326520121,896.0,896.1,896.050000
1764326520373,896.0,896.1,896.050000
1764326520625,896.0,896.1,896.050000
1764326520923,896.0,896.1,896.050000
1764326521174,896.0,896.1,896.050000
1764326521477,896.0,896.1,896.050000
1764326521733,896.0,896.1,896.050000
1764326521990,896.0,896.1,896.050000
1764326522252,896.0,896.1,896.050000
1764326522561,896.0,896.1,896.050000
1764326522827,896.0,896.1,896.050000
1764326523124,896.0,896.1,896.050000
1764326523389,896.0,896.1,896.050000
1764326523641,896.0,896.1,896.050000
1764326523925,896.0,896.1,896.050000
1764326524179,896.0,896.1,896.050000
1764326524429,896.0,896.1,896.050000
1764326524724,896.0,896.1,896.050000
1764326524974,896.0,896.1,896.050000
1764326525243,896.0,896.1,896.050000
1764326525526,896.0,896.1,896.050000
1764326525780,896.0,896.1,896.050000
1764326526080,896.0,896.1,896.050000
1764326526330,896.0,896.1,896.050000
1764326526629,896.0,896.1,896.050000
1764326526879,896.0,896.1,896.050000
1764326527130,896.0,896.1,896.050000
1764326527384,896.0,896.1,896.050000
1764326527641,896.0,896.1,896.050000
1764326527907,896.0,896.1,896.050000
1764326528173,896.0,896.1,896.050000
1764326528442,896.0,896.1,896.050000
1764326528710,896.0,896.1,896.050000
1764326528973,896.0,896.1,896.050000
1764326529232,896.0,896.1,896.050000
1764326529510,896.0,896.1,896.050000
1764326529762,896.0,896.1,896.050000
1764326530012,896.0,896.1,896.050000
1764326530263,896.0,896.1,896.050000
1764326530513,896.0,896.1,896.050000
1764326530767,896.0,896.1,896.050000
1764326531035,896.0,896.1,896.050000
1764326531338,896.0,896.1,896.050000
1764326531592,896.0,896.1,896.050000
1764326531848,896.0,896.1,896.050000
1764326532126,896.0,896.1,896.050000
1764326532380,896.0,896.1,896.050000
1764326532634,896.0,896.1,896.050000
1764326532902,896.0,896.1,896.050000
1764326533169,896.0,896.1,896.050000
1764326533438,896.0,896.1,896.050000
1764326533707,896.0,896.1,896.050000
1764326533985,896.0,896.1,896.050000
1764326534235,896.0,896.1,896.050000
1764326534485,896.0,896.1,896.050000
1764326534776,896.0,896.1,896.050000
1764326535026,896.0,896.1,896.050000
1764326535289,896.0,896.1,896.050000
1764326535588,896.0,896.1,896.050000
1764326535879,896.0,896.1,896.050000
1764326536138,896.0,896.1,896.050000
1764326536413,896.0,896.1,896.050000
1764326536688,896.0,896.1,896.050000
1764326536948,896.0,896.1,896.050000
1764326537206,896.0,896.1,896.050000
1764326537463,896.0,896.1,896.050000
1764326537714,896.0,896.1,896.050000
1764326538003,896.0,896.1,896.050000
1764326538253,896.0,896.1,896.050000
1764326538507,896.0,896.1,896.050000
1764326538811,896.0,896.1,896.050000
1764326539063,896.0,896.1,896.050000
1764326539341,896.0,896.1,896.050000
1764326539600,896.0,896.1,896.050000
1764326539861,896.0,896.1,896.050000
1764326540159,896.0,896.1,896.050000
1764326540409,896.0,896.1,896.050000
1764326540701,896.0,896.1,896.050000
1764326540975,896.0,896.1,896.050000
1764326541244,896.0,896.1,896.050000
1764326541541,896.0,896.1,896.050000
1764326541806,896.0,896.1,896.050000
1764326542075,896.0,896.1,896.050000
1764326542341,896.0,896.1,896.050000
1764326542611,896.0,896.1,896.050000
1764326542862,896.0,896.1,896.050000
1764326543123,896.0,896.1,896.050000
1764326543375,896.0,896.1,896.050000
1764326543672,896.0,896.1,896.050000
1764326543924,896.0,896.1,896.050000
1764326544179,896.0,896.1,896.050000
1764326544429,896.0,896.1,896.050000
1764326544696,896.0,896.1,896.050000
1764326544950,896.0,896.1,896.050000
1764326545200,896.0,896.1,896.050000
1764326545494,896.0,896.1,896.050000
1764326545744,896.0,896.1,896.050000
1764326545997,896.0,896.1,896.050000
1764326546248,896.0,896.1,896.050000
1764326546499,896.0,896.1,896.050000
1764326546765,896.0,896.1,896.050000
1764326547015,896.0,896.1,896.050000
1764326547323,896.0,896.1,896.050000
1764326547590,895.9,896.0,895.950000
1764326547859,895.9,896.0,895.950000
1764326548125,895.9,896.0,895.950000
1764326548394,895.9,896.0,895.950000
1764326548645,895.9,896.0,895.950000
1764326548931,895.9,896.0,895.950000
1764326549181,895.9,896.0,895.950000
1764326549431,895.9,896.0,895.950000
1764326549708,895.9,896.0,895.950000
1764326549968,895.9,896.0,895.950000
1764326550227,895.9,896.0,895.950000
1764326550491,895.9,896.0,895.950000
1764326550752,895.9,896.0,895.950000
1764326551002,895.9,896.0,895.950000
1764326551253,895.9,896.0,895.950000
1764326551509,895.9,896.0,895.950000
1764326551764,895.9,896.0,895.950000
1764326552023,895.9,896.0,895.950000
1764326552279,895.9,896.0,895.950000
1764326552529,895.9,896.0,895.950000
1764326552785,895.9,896.0,895.950000
1764326553046,895.9,896.0,895.950000
1764326553296,895.9,896.0,895.950000
1764326553588,895.9,896.0,895.950000
1764326553849,895.9,896.0,895.950000
1764326554107,895.9,896.0,895.950000
1764326554359,895.9,896.0,895.950000
1764326554625,895.9,896.0,895.950000
1764326554897,895.9,896.0,895.950000
1764326555147,895.9,896.0,895.950000
1764326555414,895.9,896.0,895.950000
1764326555674,895.9,896.0,895.950000
1764326555925,895.9,896.0,895.950000
1764326556186,895.9,896.0,895.950000
1764326556445,895.9,896.0,895.950000
1764326556695,895.9,896.0,895.950000
1764326556961,895.9,896.0,895.950000
1764326557230,895.9,896.0,895.950000
1764326557505,895.9,896.0,895.950000
1764326557758,895.9,896.0,895.950000
1764326558011,895.9,896.0,895.950000
1764326558279,896.0,896.1,896.050000
1764326558529,896.0,896.1,896.050000
1764326558816,896.0,896.1,896.050000
1764326559083,896.0,896.1,896.050000
1764326559359,896.0,896.1,896.050000
1764326559637,896.0,896.1,896.050000
1764326559911,896.0,896.1,896.050000
1764326560193,896.0,896.1,896.050000
1764326560461,896.0,896.1,896.050000
1764326560725,896.0,896.1,896.050000
1764326561021,896.0,896.1,896.050000
1764326561296,896.0,896.1,896.050000
1764326561574,896.0,896.1,896.050000
1764326561843,896.0,896.1,896.050000
1764326562109,896.0,896.1,896.050000
1764326562380,896.0,896.1,896.050000
1764326562648,896.0,896.1,896.050000
1764326562898,896.0,896.1,896.050000
1764326563183,896.0,896.1,896.050000
1764326563433,896.0,896.1,896.050000
1764326563719,896.0,896.1,896.050000
1764326563973,896.0,896.1,896.050000
1764326564265,896.0,896.1,896.050000
1764326564518,896.0,896.1,896.050000
1764326564820,896.0,896.1,896.050000
1764326565081,896.0,896.1,896.050000
1764326565349,896.0,896.1,896.050000
1764326565599,896.0,896.1,896.050000
1764326565896,896.0,896.1,896.050000
1764326566166,896.0,896.1,896.050000
1764326566429,896.0,896.1,896.050000
1764326566679,896.0,896.1,896.050000
1764326566967,896.0,896.1,896.050000
1764326567239,896.0,896.1,896.050000
1764326567506,896.0,896.1,896.050000
1764326567773,896.0,896.1,896.050000
1764326568042,896.0,896.1,896.050000
1764326568309,896.0,896.1,896.050000
1764326568581,896.0,896.1,896.050000
1764326568844,896.0,896.1,896.050000
1764326569110,896.0,896.1,896.050000
1764326569367,896.0,896.1,896.050000
1764326569625,896.0,896.1,896.050000
1764326569877,896.0,896.1,896.050000
1764326570165,896.0,896.1,896.050000
1764326570417,896.0,896.1,896.050000
1764326570724,896.0,896.1,896.050000
1764326570985,896.0,896.1,896.050000
1764326571245,896.0,896.1,896.050000
1764326571529,896.0,896.1,896.050000
1764326571800,896.0,896.1,896.050000
1764326572063,896.0,896.1,896.050000
1764326572332,896.0,896.1,896.050000
1764326572597,896.0,896.1,896.050000
1764326572847,896.0,896.1,896.050000
1764326573130,896.0,896.1,896.050000
1764326573381,896.0,896.1,896.050000
1764326573676,896.0,896.1,896.050000
1764326573950,896.0,896.1,896.050000
1764326574205,896.0,896.1,896.050000
1764326574466,896.0,896.1,896.050000
1764326574755,896.0,896.1,896.050000
1764326575026,896.0,896.1,896.050000
1764326575291,896.0,896.1,896.050000
1764326575544,896.0,896.1,896.050000
1764326575834,896.0,896.1,896.050000
1764326576105,896.0,896.1,896.050000
1764326576368,896.0,896.1,896.050000
1764326576639,896.0,896.1,896.050000
1764326576903,896.0,896.1,896.050000
1764326577154,896.0,896.1,896.050000
1764326577426,896.0,896.1,896.050000
1764326577695,896.0,896.1,896.050000
1764326577983,896.0,896.1,896.050000
1764326578242,896.0,896.1,896.050000
1764326578514,896.0,896.1,896.050000
1764326578764,896.0,896.1,896.050000
1764326579052,896.0,896.1,896.050000
1764326579303,896.0,896.1,896.050000
1764326579556,896.0,896.1,896.050000
1764326579838,896.0,896.1,896.050000
1764326580089,896.0,896.1,896.050000
1764326580362,896.0,896.1,896.050000
1764326580644,896.0,896.1,896.050000
1764326580948,896.0,896.1,896.050000
1764326581208,896.0,896.1,896.050000
1764326581461,896.0,896.1,896.050000
1764326581760,896.0,896.1,896.050000
1764326582010,896.0,896.1,896.050000
1764326582276,896.0,896.1,896.050000
1764326582549,896.0,896.1,896.050000
1764326582807,896.0,896.1,896.050000
1764326583101,896.0,896.1,896.050000
1764326583352,896.0,896.1,896.050000
1764326583603,896.0,896.1,896.050000
1764326583859,896.0,896.1,896.050000
1764326584113,896.0,896.1,896.050000
1764326584369,896.0,896.1,896.050000
1764326584649,896.0,896.1,896.050000
1764326584909,896.0,896.1,896.050000
1764326585202,896.0,896.1,896.050000
1764326585458,896.0,896.1,896.050000
1764326585713,896.0,896.1,896.050000
1764326585976,896.0,896.1,896.050000
1764326586235,896.0,896.1,896.050000
1764326586497,896.0,896.1,896.050000
1764326586748,896.0,896.1,896.050000
1764326587010,896.0,896.1,896.050000
1764326587271,896.0,896.1,896.050000
1764326587550,896.0,896.1,896.050000
1764326587820,896.0,896.1,896.050000
1764326588083,896.0,896.1,896.050000
1764326588340,896.0,896.1,896.050000
1764326588630,896.0,896.1,896.050000
1764326588900,896.0,896.1,896.050000
1764326589165,896.0,896.1,896.050000
1764326589417,896.0,896.1,896.050000
1764326589670,896.0,896.1,896.050000
1764326589960,896.0,896.1,896.050000
1764326590214,896.0,896.1,896.050000
1764326590504,896.0,896.1,896.050000
1764326590791,896.0,896.1,896.050000
1764326591049,896.0,896.1,896.050000
1764326591304,896.0,896.1,896.050000
1764326591602,896.0,896.1,896.050000
1764326591873,896.0,896.1,896.050000
1764326592151,896.0,896.1,896.050000
1764326592420,896.0,896.1,896.050000
1764326592692,896.0,896.1,896.050000
1764326592943,896.0,896.1,896.050000
1764326593229,896.0,896.1,896.050000
1764326593482,896.0,896.1,896.050000
1764326593733,896.0,896.1,896.050000
1764326593987,896.0,896.1,896.050000
1764326594277,896.0,896.1,896.050000
1764326594571,896.0,896.1,896.050000
1764326594823,896.0,896.1,896.050000
1764326595114,896.0,896.1,896.050000
1764326595364,896.0,896.1,896.050000
1764326595661,896.0,896.1,896.050000
1764326595930,896.0,896.1,896.050000
1764326596198,896.0,896.1,896.050000
1764326596454,896.0,896.1,896.050000
1764326596706,896.0,896.1,896.050000
1764326596985,896.0,896.1,896.050000
1764326597238,896.0,896.1,896.050000
1764326597488,896.0,896.1,896.050000
1764326597738,896.0,896.1,896.050000
1764326598018,896.0,896.1,896.050000
1764326598269,896.0,896.1,896.050000
1764326598563,896.0,896.1,896.050000
1764326598830,896.0,896.1,896.050000
1764326599103,896.0,896.1,896.050000
1764326599357,896.0,896.1,896.050000
1764326599613,896.0,896.1,896.050000
1764326599904,896.0,896.1,896.050000
1764326600155,896.0,896.1,896.050000
1764326600452,896.0,896.1,896.050000
1764326600705,896.0,896.1,896.050000
1764326601001,896.0,896.1,896.050000
1764326601256,896.0,896.1,896.050000
1764326601508,896.0,896.1,896.050000
1764326601797,896.0,896.1,896.050000
1764326602047,896.0,896.1,896.050000
1764326602352,896.0,896.1,896.050000
1764326602608,896.0,896.1,896.050000
1764326602860,896.0,896.1,896.050000
1764326603110,896.0,896.1,896.050000
1764326603365,896.0,896.1,896.050000
1764326603634,896.0,896.1,896.050000
1764326603899,896.0,896.1,896.050000
1764326604150,896.0,896.1,896.050000
1764326604436,896.0,896.1,896.050000
1764326604704,896.0,896.1,896.050000
1764326604955,896.0,896.1,896.050000
1764326605215,896.0,896.1,896.050000
1764326605465,896.0,896.1,896.050000
1764326605757,896.0,896.1,896.050000
1764326606007,896.0,896.1,896.050000
1764326606257,896.0,896.1,896.050000
1764326606553,896.0,896.1,896.050000
1764326606805,896.0,896.1,896.050000
1764326607055,896.0,896.1,896.050000
1764326607354,896.0,896.1,896.050000
1764326607658,896.0,896.1,896.050000
1764326607926,896.0,896.1,896.050000
1764326608177,896.0,896.1,896.050000
1764326608459,896.0,896.1,896.050000
1764326608711,896.0,896.1,896.050000
1764326609006,896.0,896.1,896.050000
1764326609271,896.0,896.1,896.050000
1764326609540,896.0,896.1,896.050000
1764326609791,896.0,896.1,896.050000
1764326610049,896.0,896.1,896.050000
1764326610300,896.0,896.1,896.050000
1764326610587,896.0,896.1,896.050000
1764326610890,896.0,896.1,896.050000
1764326611162,896.0,896.1,896.050000
1764326611427,896.0,896.1,896.050000
1764326611680,896.0,896.1,896.050000
1764326611969,896.0,896.1,896.050000
1764326612220,896.0,896.1,896.050000
1764326612470,896.0,896.1,896.050000
1764326612761,896.0,896.1,896.050000
1764326613062,896.0,896.1,896.050000
1764326613322,896.0,896.1,896.050000
1764326613601,896.0,896.1,896.050000
1764326613901,896.0,896.1,896.050000
1764326614152,896.0,896.1,896.050000
1764326614449,896.0,896.1,896.050000
1764326614740,896.0,896.1,896.050000
1764326614991,896.0,896.1,896.050000
1764326615279,896.0,896.1,896.050000
1764326615529,896.0,896.1,896.050000
1764326615780,896.0,896.1,896.050000
1764326616072,896.0,896.1,896.050000
1764326616323,896.0,896.1,896.050000
1764326616588,896.0,896.1,896.050000
1764326616842,896.0,896.1,896.050000
1764326617102,896.0,896.1,896.050000
1764326617370,896.0,896.1,896.050000
1764326617649,896.0,896.1,896.050000
1764326617902,896.0,896.1,896.050000
1764326618190,896.0,896.1,896.050000
1764326618444,896.0,896.1,896.050000
1764326618724,896.0,896.1,896.050000
1764326618990,896.0,896.1,896.050000
1764326619240,896.0,896.1,896.050000
1764326619534,896.0,896.1,896.050000
1764326619800,896.0,896.1,896.050000
1764326620067,896.0,896.1,896.050000
1764326620339,896.0,896.1,896.050000
1764326620605,896.0,896.1,896.050000
1764326620872,896.0,896.1,896.050000
1764326621150,896.0,896.1,896.050000
1764326621417,896.0,896.1,896.050000
1764326621686,896.0,896.1,896.050000
1764326621952,896.0,896.1,896.050000
1764326622205,896.0,896.1,896.050000
1764326622471,896.0,896.1,896.050000
1764326622723,896.0,896.1,896.050000
1764326623026,896.0,896.1,896.050000
1764326623292,896.0,896.1,896.050000
1764326623570,896.0,896.1,896.050000
1764326623837,896.0,896.1,896.050000
1764326624107,896.0,896.1,896.050000
1764326624373,896.0,896.1,896.050000
1764326624641,896.0,896.1,896.050000
1764326624910,896.0,896.1,896.050000
1764326625160,896.0,896.1,896.050000
1764326625456,896.0,896.1,896.050000
1764326625722,895.9,896.0,895.950000
1764326625973,895.8,895.9,895.850000
1764326626228,895.8,895.9,895.850000
1764326626496,895.8,895.9,895.850000
1764326626748,895.8,895.9,895.850000
1764326627018,895.8,895.9,895.850000
1764326627287,895.8,895.9,895.850000
1764326627557,895.8,895.9,895.850000
1764326627825,895.8,895.9,895.850000
1764326628077,895.8,895.9,895.850000
1764326628353,895.8,895.9,895.850000
1764326628609,895.8,895.9,895.850000
1764326628907,895.8,895.9,895.850000
1764326629157,895.8,895.9,895.850000
1764326629414,895.8,895.9,895.850000
1764326629709,895.8,895.9,895.850000
1764326629980,895.8,895.9,895.850000
1764326630250,895.8,895.9,895.850000
1764326630531,895.8,895.9,895.850000
1764326630781,895.8,895.9,895.850000
1764326631073,895.8,895.9,895.850000
1764326631323,895.8,895.9,895.850000
1764326631610,895.8,895.9,895.850000
1764326631866,895.8,895.9,895.850000
1764326632136,895.8,895.9,895.850000
1764326632386,895.8,895.9,895.850000
1764326632690,895.8,895.9,895.850000
1764326632944,895.8,895.9,895.850000
1764326633234,895.8,895.9,895.850000
1764326633484,895.8,895.9,895.850000
1764326633767,895.8,895.9,895.850000
1764326634035,895.8,895.9,895.850000
1764326634302,895.8,895.9,895.850000
1764326634552,895.8,895.9,895.850000
1764326634842,895.9,896.0,895.950000
1764326635107,895.9,896.0,895.950000
1764326635387,895.9,896.0,895.950000
1764326635638,895.9,896.0,895.950000
1764326635924,895.9,896.0,895.950000
1764326636175,895.9,896.0,895.950000
1764326636450,895.9,896.0,895.950000
1764326636700,895.9,896.0,895.950000
1764326636952,895.9,896.0,895.950000
1764326637234,895.9,896.0,895.950000
1764326637485,895.9,896.0,895.950000
1764326637788,895.9,896.0,895.950000
1764326638040,895.9,896.0,895.950000
1764326638331,895.9,896.0,895.950000
1764326638617,895.9,896.0,895.950000
1764326638908,895.9,896.0,895.950000
1764326639172,895.9,896.0,895.950000
1764326639446,895.9,896.0,895.950000
1764326639716,895.9,896.0,895.950000
1764326639987,895.9,896.0,895.950000
1764326640256,895.9,896.0,895.950000
1764326640522,896.0,896.1,896.050000
1764326640794,896.0,896.1,896.050000
1764326641066,896.0,896.1,896.050000
1764326641338,896.0,896.1,896.050000
1764326641590,896.0,896.1,896.050000
1764326641840,896.0,896.1,896.050000
1764326642131,896.0,896.1,896.050000
1764326642383,896.0,896.1,896.050000
1764326642645,896.0,896.1,896.050000
1764326642915,896.0,896.1,896.050000
1764326643176,896.0,896.1,896.050000
1764326643431,896.0,896.1,896.050000
1764326643693,896.0,896.1,896.050000
1764326643944,896.0,896.1,896.050000
1764326644194,896.0,896.1,896.050000
1764326644446,896.0,896.1,896.050000
1764326644712,896.0,896.1,896.050000
1764326644978,896.0,896.1,896.050000
1764326645229,896.0,896.1,896.050000
1764326645490,896.0,896.1,896.050000
1764326645753,896.0,896.1,896.050000
1764326646022,896.0,896.1,896.050000
1764326646283,896.0,896.1,896.050000
1764326646552,896.0,896.1,896.050000
1764326646826,896.0,896.1,896.050000
1764326647095,896.0,896.1,896.050000
1764326647345,896.0,896.1,896.050000
1764326647595,896.0,896.1,896.050000
1764326647862,896.0,896.1,896.050000
1764326648129,896.0,896.1,896.050000
1764326648390,896.0,896.1,896.050000
1764326648663,896.0,896.1,896.050000
1764326648934,896.0,896.1,896.050000
1764326649188,896.0,896.1,896.050000
1764326649451,896.0,896.1,896.050000
1764326649704,896.0,896.1,896.050000
1764326650006,896.0,896.1,896.050000
1764326650259,896.0,896.1,896.050000
1764326650554,896.0,896.1,896.050000
1764326650817,896.0,896.1,896.050000
1764326651104,896.0,896.1,896.050000
1764326651359,896.0,896.1,896.050000
1764326651615,896.0,896.1,896.050000
1764326651902,896.0,896.1,896.050000
1764326652157,896.0,896.1,896.050000
1764326652443,896.0,896.1,896.050000
1764326652751,896.0,896.1,896.050000
1764326653004,896.0,896.1,896.050000
1764326653265,896.0,896.1,896.050000
1764326653560,896.0,896.1,896.050000
1764326653815,896.0,896.1,896.050000
1764326654065,896.0,896.1,896.050000
1764326654366,896.0,896.1,896.050000
1764326654660,896.0,896.1,896.050000
1764326654926,896.0,896.1,896.050000
1764326655203,896.0,896.1,896.050000
1764326655456,896.0,896.1,896.050000
1764326655706,896.0,896.1,896.050000
1764326656006,896.0,896.1,896.050000
1764326656290,896.0,896.1,896.050000
1764326656541,896.0,896.1,896.050000
1764326656793,896.0,896.1,896.050000
1764326657074,896.0,896.1,896.050000
1764326657324,896.0,896.1,896.050000
1764326657620,896.0,896.1,896.050000
1764326657870,896.0,896.1,896.050000
1764326658160,896.0,896.1,896.050000
1764326658412,896.0,896.1,896.050000
1764326658704,896.0,896.1,896.050000
1764326658960,896.0,896.1,896.050000
1764326659238,896.0,896.1,896.050000
1764326659511,896.0,896.1,896.050000
1764326659780,896.0,896.1,896.050000
1764326660080,896.0,896.1,896.050000
1764326660332,896.0,896.1,896.050000
1764326660582,896.0,896.1,896.050000
1764326660848,896.0,896.1,896.050000
1764326661125,896.0,896.1,896.050000
1764326661378,896.0,896.1,896.050000
1764326661629,896.0,896.1,896.050000
1764326661916,896.0,896.1,896.050000
1764326662212,896.0,896.1,896.050000
1764326662465,896.0,896.1,896.050000
1764326662758,896.0,896.1,896.050000
1764326663025,896.0,896.1,896.050000
1764326663291,896.0,896.1,896.050000
1764326663564,896.0,896.1,896.050000
1764326663819,896.0,896.1,896.050000
1764326664069,896.0,896.1,896.050000
1764326664360,896.0,896.1,896.050000
1764326664611,896.0,896.1,896.050000
1764326664865,896.0,896.1,896.050000
1764326665119,896.0,896.1,896.050000
1764326665372,896.0,896.1,896.050000
1764326665623,896.0,896.1,896.050000
1764326665911,896.0,896.1,896.050000
1764326666161,896.0,896.1,896.050000
1764326666453,896.0,896.1,896.050000
1764326666703,896.0,896.1,896.050000
1764326666999,896.0,896.1,896.050000
1764326667249,896.0,896.1,896.050000
1764326667500,896.0,896.1,896.050000
1764326667750,896.0,896.1,896.050000
1764326668017,896.0,896.1,896.050000
1764326668285,896.0,896.1,896.050000
1764326668551,896.0,896.1,896.050000
1764326668801,896.0,896.1,896.050000
1764326669091,896.0,896.1,896.050000
1764326669365,896.0,896.1,896.050000
1764326669615,896.0,896.1,896.050000
1764326669867,896.0,896.1,896.050000
1764326670147,896.0,896.1,896.050000
1764326670404,896.0,896.1,896.050000
1764326670689,896.0,896.1,896.050000
1764326670983,896.0,896.1,896.050000
1764326671250,896.0,896.1,896.050000
1764326671515,896.0,896.1,896.050000
1764326671779,896.0,896.1,896.050000
1764326672051,896.0,896.1,896.050000
1764326672323,896.0,896.1,896.050000
1764326672594,896.0,896.1,896.050000
1764326672844,896.0,896.1,896.050000
1764326673120,896.0,896.1,896.050000
1764326673382,896.0,896.1,896.050000
1764326673638,896.0,896.1,896.050000
1764326673891,896.0,896.1,896.050000
1764326674141,896.0,896.1,896.050000
1764326674392,896.0,896.1,896.050000
1764326674657,896.0,896.1,896.050000
1764326674928,896.0,896.1,896.050000
1764326675196,896.0,896.1,896.050000
1764326675467,896.0,896.1,896.050000
1764326675718,896.0,896.1,896.050000
1764326675968,896.0,896.1,896.050000
1764326676221,896.0,896.1,896.050000
1764326676473,896.0,896.1,896.050000
1764326676741,896.0,896.1,896.050000
1764326677015,896.0,896.1,896.050000
1764326677269,896.0,896.1,896.050000
1764326677519,896.0,896.1,896.050000
1764326677778,896.0,896.1,896.050000
1764326678029,896.0,896.1,896.050000
1764326678294,896.0,896.1,896.050000
1764326678545,896.0,896.1,896.050000
1764326678837,896.0,896.1,896.050000
1764326679091,896.0,896.1,896.050000
1764326679344,896.0,896.1,896.050000
1764326679630,896.0,896.1,896.050000
1764326679880,896.0,896.1,896.050000
1764326680180,896.0,896.1,896.050000
1764326680480,896.0,896.1,896.050000
1764326680750,896.0,896.1,896.050000
1764326681020,896.0,896.1,896.050000
1764326681272,896.0,896.1,896.050000
1764326681523,896.0,896.1,896.050000
1764326681809,896.0,896.1,896.050000
1764326682084,896.0,896.1,896.050000
1764326682372,896.0,896.1,896.050000
1764326682633,896.0,896.1,896.050000
1764326682905,896.0,896.1,896.050000
1764326683159,896.0,896.1,896.050000
1764326683410,896.0,896.1,896.050000
1764326683699,896.0,896.1,896.050000
1764326683949,896.0,896.1,896.050000
1764326684223,896.0,896.1,896.050000
1764326684475,896.0,896.1,896.050000
1764326684728,896.0,896.1,896.050000
1764326684988,896.0,896.1,896.050000
1764326685254,896.0,896.1,896.050000
1764326685504,896.0,896.1,896.050000
1764326685762,896.0,896.1,896.050000
1764326686060,896.0,896.1,896.050000
1764326686353,896.0,896.1,896.050000
1764326686617,896.0,896.1,896.050000
1764326686888,896.0,896.1,896.050000
1764326687143,896.0,896.1,896.050000
1764326687421,896.0,896.1,896.050000
1764326687672,896.0,896.1,896.050000
1764326687959,896.1,896.2,896.150000
1764326688213,896.1,896.2,896.150000
1764326688465,896.1,896.2,896.150000
1764326688734,896.1,896.2,896.150000
1764326688985,896.1,896.2,896.150000
1764326689237,896.1,896.2,896.150000
1764326689501,896.1,896.2,896.150000
1764326689751,896.1,896.2,896.150000
1764326690001,896.1,896.2,896.150000
1764326690251,896.1,896.2,896.150000
1764326690503,896.1,896.2,896.150000
1764326690755,896.1,896.2,896.150000
1764326691023,896.1,896.2,896.150000
1764326691291,896.1,896.2,896.150000
1764326691560,896.1,896.2,896.150000
1764326691811,896.1,896.2,896.150000
1764326692078,896.1,896.2,896.150000
1764326692357,896.1,896.2,896.150000
1764326692661,896.1,896.2,896.150000
1764326692927,896.1,896.2,896.150000
1764326693187,896.1,896.2,896.150000
1764326693442,896.1,896.2,896.150000
1764326693745,896.1,896.2,896.150000
1764326693996,896.1,896.2,896.150000
1764326694279,896.1,896.2,896.150000
1764326694551,896.1,896.2,896.150000
1764326694822,896.1,896.2,896.150000
1764326695095,896.1,896.2,896.150000
1764326695366,896.1,896.2,896.150000
1764326695632,896.1,896.2,896.150000
1764326695885,896.1,896.2,896.150000
1764326696169,896.1,896.2,896.150000
1764326696420,896.1,896.2,896.150000
1764326696697,896.1,896.2,896.150000
1764326696988,896.1,896.2,896.150000
1764326697239,896.1,896.2,896.150000
1764326697490,896.1,896.2,896.150000
1764326697792,896.1,896.2,896.150000
1764326698042,896.1,896.2,896.150000
1764326698323,896.1,896.2,896.150000
1764326698619,896.1,896.2,896.150000
1764326698871,896.1,896.2,896.150000
1764326699149,896.1,896.2,896.150000
1764326699438,896.1,896.2,896.150000
1764326699688,896.1,896.2,896.150000
1764326699953,896.1,896.2,896.150000
1764326700203,896.1,896.2,896.150000
1764326700476,896.1,896.2,896.150000
1764326700729,895.9,896.0,895.950000
1764326700979,895.8,895.9,895.850000
1764326701234,895.8,895.9,895.850000
1764326701491,895.8,895.9,895.850000
1764326701765,895.8,895.9,895.850000
1764326702016,895.9,896.0,895.950000
1764326702268,895.9,896.0,895.950000
1764326702526,895.9,896.0,895.950000
1764326702777,895.9,896.0,895.950000
1764326703027,895.9,896.0,895.950000
1764326703277,895.9,896.0,895.950000
1764326703552,895.9,896.0,895.950000
1764326703803,895.9,896.0,895.950000
1764326704061,895.9,896.0,895.950000
1764326704337,895.9,896.0,895.950000
1764326704592,895.9,896.0,895.950000
1764326704855,895.9,896.0,895.950000
1764326705117,895.9,896.0,895.950000
1764326705416,895.9,896.0,895.950000
1764326705670,895.9,896.0,895.950000
1764326705922,895.9,896.0,895.950000
1764326706196,895.9,896.0,895.950000
1764326706446,895.9,896.0,895.950000
1764326706709,895.9,896.0,895.950000
1764326706987,895.9,896.0,895.950000
1764326707260,895.9,896.0,895.950000
1764326707529,895.9,896.0,895.950000
1764326707780,895.9,896.0,895.950000
1764326708032,895.9,896.0,895.950000
1764326708289,895.9,896.0,895.950000
1764326708539,895.9,896.0,895.950000
1764326708811,895.9,896.0,895.950000
1764326709077,895.9,896.0,895.950000
1764326709327,895.9,896.0,895.950000
1764326709623,895.9,896.0,895.950000
1764326709891,895.9,896.0,895.950000
1764326710155,895.9,896.0,895.950000
1764326710405,895.9,896.0,895.950000
1764326710695,895.9,896.0,895.950000
1764326710956,895.9,896.0,895.950000
1764326711216,895.9,896.0,895.950000
1764326711472,895.9,896.0,895.950000
1764326711737,895.9,896.0,895.950000
1764326711996,895.9,896.0,895.950000
1764326712292,895.9,896.0,895.950000
1764326712542,895.9,896.0,895.950000
1764326712793,895.9,896.0,895.950000
1764326713051,895.9,896.0,895.950000
1764326713330,895.9,896.0,895.950000
1764326713593,895.9,896.0,895.950000
1764326713870,895.9,896.0,895.950000
1764326714137,895.9,896.0,895.950000
1764326714387,895.9,896.0,895.950000
1764326714687,895.9,896.0,895.950000
1764326714956,895.9,896.0,895.950000
1764326715221,895.9,896.0,895.950000
1764326715475,895.9,896.0,895.950000
1764326715725,895.9,896.0,895.950000
1764326715976,895.9,896.0,895.950000
1764326716235,895.9,896.0,895.950000
1764326716494,895.9,896.0,895.950000
1764326716748,895.9,896.0,895.950000
1764326717047,895.9,896.0,895.950000
1764326717299,895.9,896.0,895.950000
1764326717552,895.9,896.0,895.950000
1764326717834,895.9,896.0,895.950000
1764326718089,895.9,896.0,895.950000
1764326718357,895.9,896.0,895.950000
1764326718633,895.9,896.0,895.950000
1764326718932,895.9,896.0,895.950000
1764326719182,895.9,896.0,895.950000
1764326719487,895.9,896.0,895.950000
1764326719772,895.9,896.0,895.950000
1764326720022,895.9,896.0,895.950000
1764326720272,895.9,896.0,895.950000
1764326720573,895.9,896.0,895.950000
1764326720824,895.9,896.0,895.950000
1764326721114,895.9,896.0,895.950000
1764326721368,895.9,896.0,895.950000
1764326721619,895.9,896.0,895.950000
1764326721880,895.9,896.0,895.950000
1764326722165,895.9,896.0,895.950000
1764326722415,895.9,896.0,895.950000
1764326722666,895.9,896.0,895.950000
1764326722954,895.9,896.0,895.950000
1764326723207,895.9,896.0,895.950000
1764326723505,895.9,896.0,895.950000
1764326723755,895.9,896.0,895.950000
1764326724020,895.9,896.0,895.950000
1764326724314,895.9,896.0,895.950000
1764326724566,895.9,896.0,895.950000
1764326724868,895.9,896.0,895.950000
1764326725131,895.9,896.0,895.950000
1764326725384,895.9,896.0,895.950000
1764326725680,895.9,896.0,895.950000
1764326725932,895.9,896.0,895.950000
1764326726220,895.9,896.0,895.950000
1764326726476,895.9,896.0,895.950000
1764326726758,895.9,896.0,895.950000
1764326727029,895.9,896.0,895.950000
1764326727282,895.9,896.0,895.950000
1764326727533,895.9,896.0,895.950000
1764326727791,895.9,896.0,895.950000
1764326728056,895.9,896.0,895.950000
1764326728322,895.9,896.0,895.950000
1764326728601,895.9,896.0,895.950000
1764326728876,895.9,896.0,895.950000
1764326729146,895.9,896.0,895.950000
1764326729415,895.9,896.0,895.950000
1764326729666,895.9,896.0,895.950000
1764326729921,895.9,896.0,895.950000
1764326730189,895.9,896.0,895.950000
1764326730450,895.9,896.0,895.950000
1764326730705,895.9,896.0,895.950000
1764326730963,895.9,896.0,895.950000
1764326731219,895.9,896.0,895.950000
1764326731473,895.9,896.0,895.950000
1764326731750,895.9,896.0,895.950000
1764326732022,895.9,896.0,895.950000
1764326732290,895.9,896.0,895.950000
1764326732541,895.9,896.0,895.950000
1764326732802,895.9,896.0,895.950000
1764326733060,895.9,896.0,895.950000
1764326733313,895.9,896.0,895.950000
1764326733566,895.9,896.0,895.950000
1764326733867,895.9,896.0,895.950000
1764326734158,895.9,896.0,895.950000
1764326734420,895.9,896.0,895.950000
1764326734680,895.9,896.0,895.950000
1764326734963,895.9,896.0,895.950000
1764326735236,895.9,896.0,895.950000
1764326735501,895.9,896.0,895.950000
1764326735753,895.9,896.0,895.950000
1764326736003,896.1,896.2,896.150000
1764326736256,896.1,896.2,896.150000
1764326736508,896.1,896.2,896.150000
1764326736763,896.1,896.2,896.150000
1764326737021,896.1,896.2,896.150000
1764326737275,896.1,896.2,896.150000
1764326737540,896.1,896.2,896.150000
1764326737808,896.1,896.2,896.150000
1764326738077,896.1,896.2,896.150000
1764326738332,896.1,896.2,896.150000
1764326738587,896.1,896.2,896.150000
1764326738842,896.1,896.2,896.150000
1764326739104,896.1,896.2,896.150000
1764326739399,896.1,896.2,896.150000
1764326739653,896.1,896.2,896.150000
1764326739920,896.1,896.2,896.150000
1764326740170,896.1,896.2,896.150000
1764326740422,896.1,896.2,896.150000
1764326740677,896.1,896.2,896.150000
1764326740940,896.1,896.2,896.150000
1764326741203,896.1,896.2,896.150000
1764326741461,896.1,896.2,896.150000
1764326741736,896.1,896.2,896.150000
1764326741988,896.1,896.2,896.150000
1764326742255,896.1,896.2,896.150000
1764326742531,896.1,896.2,896.150000
1764326742808,896.1,896.2,896.150000
1764326743064,896.1,896.2,896.150000
1764326743355,896.1,896.2,896.150000
1764326743607,896.1,896.2,896.150000
1764326743888,896.1,896.2,896.150000
1764326744178,896.1,896.2,896.150000
1764326744428,896.1,896.2,896.150000
1764326744721,896.1,896.2,896.150000
1764326744990,896.1,896.2,896.150000
1764326745258,896.1,896.2,896.150000
1764326745508,896.1,896.2,896.150000
1764326745759,896.1,896.2,896.150000
1764326746039,896.1,896.2,896.150000
1764326746289,896.1,896.2,896.150000
1764326746560,896.1,896.2,896.150000
1764326746821,896.1,896.2,896.150000
1764326747071,896.1,896.2,896.150000
1764326747329,896.1,896.2,896.150000
1764326747600,896.1,896.2,896.150000
1764326747870,896.1,896.2,896.150000
1764326748120,896.1,896.2,896.150000
1764326748377,896.1,896.2,896.150000
1764326748675,896.1,896.2,896.150000
1764326748926,896.1,896.2,896.150000
1764326749180,896.1,896.2,896.150000
1764326749437,896.1,896.2,896.150000
1764326749731,896.1,896.2,896.150000
1764326749981,896.1,896.2,896.150000
1764326750253,896.1,896.2,896.150000
1764326750526,896.1,896.2,896.150000
1764326750822,896.1,896.2,896.150000
1764326751116,896.1,896.2,896.150000
1764326751385,896.1,896.2,896.150000
1764326751657,896.1,896.2,896.150000
1764326751918,896.1,896.2,896.150000
1764326752189,896.1,896.2,896.150000
1764326752459,896.1,896.2,896.150000
1764326752724,896.1,896.2,896.150000
1764326752976,896.1,896.2,896.150000
1764326753264,896.1,896.2,896.150000
1764326753514,896.1,896.2,896.150000
1764326753812,896.1,896.2,896.150000
1764326754062,896.1,896.2,896.150000
1764326754345,896.1,896.2,896.150000
1764326754629,896.1,896.2,896.150000
1764326754892,896.1,896.2,896.150000
1764326755166,896.1,896.2,896.150000
1764326755445,896.1,896.2,896.150000
1764326755707,896.1,896.2,896.150000
1764326755981,896.1,896.2,896.150000
1764326756243,896.1,896.2,896.150000
1764326756507,896.1,896.2,896.150000
1764326756760,896.1,896.2,896.150000
1764326757010,896.1,896.2,896.150000
1764326757275,896.1,896.2,896.150000
1764326757531,896.1,896.2,896.150000
1764326757796,896.1,896.2,896.150000
1764326758068,896.1,896.2,896.150000
1764326758338,896.1,896.2,896.150000
1764326758589,896.1,896.2,896.150000
1764326758864,896.1,896.2,896.150000
1764326759162,896.1,896.2,896.150000
1764326759413,896.1,896.2,896.150000
1764326759705,896.1,896.2,896.150000
1764326759974,896.1,896.2,896.150000
1764326760250,896.1,896.2,896.150000
1764326760506,896.1,896.2,896.150000
1764326760756,896.1,896.2,896.150000
1764326761039,896.1,896.2,896.150000
1764326761289,896.1,896.2,896.150000
1764326761574,896.1,896.2,896.150000
1764326761827,896.1,896.2,896.150000
1764326762079,896.1,896.2,896.150000
1764326762350,896.1,896.2,896.150000
1764326762606,896.1,896.2,896.150000
1764326762874,896.1,896.2,896.150000
1764326763138,896.1,896.2,896.150000
1764326763390,896.1,896.2,896.150000
1764326763641,896.1,896.2,896.150000
1764326763895,896.1,896.2,896.150000
1764326764146,896.1,896.2,896.150000
1764326764429,896.1,896.2,896.150000
1764326764697,896.1,896.2,896.150000
1764326764955,896.1,896.2,896.150000
1764326765208,896.1,896.2,896.150000
1764326765487,896.1,896.2,896.150000
1764326765738,896.1,896.2,896.150000
1764326766000,896.1,896.2,896.150000
1764326766271,896.1,896.2,896.150000
1764326766551,896.1,896.2,896.150000
1764326766805,896.1,896.2,896.150000
1764326767056,896.0,896.1,896.050000
1764326767327,896.0,896.1,896.050000
1764326767578,896.0,896.1,896.050000
1764326767832,896.0,896.1,896.050000
1764326768084,896.0,896.1,896.050000
1764326768337,896.0,896.1,896.050000
1764326768602,896.0,896.1,896.050000
1764326768871,895.9,896.0,895.950000
1764326769121,895.9,896.0,895.950000
1764326769373,895.9,896.0,895.950000
1764326769662,895.9,896.0,895.950000
1764326769917,895.8,895.9,895.850000
1764326770191,895.8,895.9,895.850000
1764326770459,895.8,895.9,895.850000
1764326770712,895.8,895.9,895.850000
1764326771003,895.8,895.9,895.850000
1764326771253,895.8,895.9,895.850000
1764326771505,895.8,895.9,895.850000
1764326771757,895.8,895.9,895.850000
1764326772027,895.8,895.9,895.850000
1764326772283,895.8,895.9,895.850000
1764326772535,895.8,895.9,895.850000
1764326772793,895.8,895.9,895.850000
1764326773044,895.8,895.9,895.850000
1764326773335,895.8,895.9,895.850000
1764326773588,895.8,895.9,895.850000
1764326773884,895.6,895.7,895.650000
1764326774150,895.6,895.7,895.650000
1764326774437,895.6,895.7,895.650000
1764326774706,895.6,895.7,895.650000
1764326774972,895.6,895.7,895.650000
1764326775224,895.6,895.7,895.650000
1764326775478,895.6,895.7,895.650000
1764326775729,895.6,895.7,895.650000
1764326775982,895.6,895.7,895.650000
1764326776270,895.6,895.7,895.650000
1764326776524,895.6,895.7,895.650000
1764326776778,895.6,895.7,895.650000
1764326777075,895.6,895.7,895.650000
1764326777327,895.6,895.7,895.650000
1764326777580,895.6,895.7,895.650000
1764326777831,895.6,895.7,895.650000
1764326778087,895.6,895.7,895.650000
1764326778367,895.6,895.7,895.650000
1764326778637,895.6,895.7,895.650000
1764326778894,895.6,895.7,895.650000
1764326779188,895.6,895.7,895.650000
1764326779441,895.6,895.7,895.650000
1764326779727,895.6,895.7,895.650000
1764326779990,895.6,895.7,895.650000
1764326780252,895.6,895.7,895.650000
1764326780503,895.6,895.7,895.650000
1764326780784,895.6,895.7,895.650000
1764326781034,895.6,895.7,895.650000
1764326781315,895.6,895.7,895.650000
1764326781566,895.6,895.7,895.650000
1764326781819,895.6,895.7,895.650000
1764326782099,895.6,895.7,895.650000
1764326782351,895.6,895.7,895.650000
1764326782650,895.6,895.7,895.650000
1764326782917,895.6,895.7,895.650000
1764326783193,895.6,895.7,895.650000
1764326783462,895.6,895.7,895.650000
1764326783730,895.6,895.7,895.650000
1764326783980,895.6,895.7,895.650000
1764326784233,895.6,895.7,895.650000
1764326784485,895.6,895.7,895.650000
1764326784736,895.6,895.7,895.650000
1764326784994,895.6,895.7,895.650000
1764326785260,895.6,895.7,895.650000
1764326785533,895.6,895.7,895.650000
1764326785808,895.6,895.7,895.650000
1764326786085,895.6,895.7,895.650000
1764326786335,895.6,895.7,895.650000
1764326786626,895.6,895.7,895.650000
1764326786911,895.6,895.7,895.650000
1764326787178,895.6,895.7,895.650000
1764326787444,895.6,895.7,895.650000
1764326787695,895.6,895.7,895.650000
1764326787954,895.6,895.7,895.650000
1764326788232,895.6,895.7,895.650000
1764326788531,895.6,895.7,895.650000
1764326788783,895.6,895.7,895.650000
1764326789038,895.6,895.7,895.650000
1764326789298,895.6,895.7,895.650000
1764326789548,895.6,895.7,895.650000
1764326789802,895.6,895.7,895.650000
1764326790063,895.5,895.6,895.550000
1764326790344,895.5,895.6,895.550000
1764326790595,895.5,895.6,895.550000
1764326790848,895.5,895.6,895.550000
1764326791142,895.5,895.6,895.550000
1764326791392,895.5,895.6,895.550000
1764326791678,895.5,895.6,895.550000
1764326791930,895.5,895.6,895.550000
1764326792226,895.5,895.6,895.550000
1764326792476,895.5,895.6,895.550000
1764326792774,895.5,895.6,895.550000
1764326793025,895.5,895.6,895.550000
1764326793279,895.5,895.6,895.550000
1764326793530,895.5,895.6,895.550000
1764326793780,895.5,895.6,895.550000
1764326794083,895.5,895.6,895.550000
1764326794341,895.5,895.6,895.550000
1764326794596,895.5,895.6,895.550000
1764326794880,895.5,895.6,895.550000
1764326795131,895.5,895.6,895.550000
1764326795426,895.5,895.6,895.550000
1764326795722,895.5,895.6,895.550000
1764326795976,895.5,895.6,895.550000
1764326796271,895.5,895.6,895.550000
1764326796524,895.5,895.6,895.550000
1764326796775,895.5,895.6,895.550000
1764326797081,895.5,895.6,895.550000
1764326797371,895.5,895.6,895.550000
1764326797622,895.5,895.6,895.550000
1764326797886,895.5,895.6,895.550000
1764326798144,895.5,895.6,895.550000
1764326798399,895.5,895.6,895.550000
1764326798649,895.5,895.6,895.550000
1764326798899,895.6,895.7,895.650000
1764326799164,895.6,895.7,895.650000
1764326799465,895.7,895.8,895.750000
1764326799715,895.7,895.8,895.750000
1764326799965,895.7,895.8,895.750000
1764326800217,895.7,895.8,895.750000
1764326800474,895.7,895.8,895.750000
1764326800752,895.7,895.8,895.750000
1764326801026,895.7,895.8,895.750000
1764326801280,895.7,895.8,895.750000
1764326801546,895.7,895.8,895.750000
1764326801801,895.7,895.8,895.750000
1764326802102,895.7,895.8,895.750000
1764326802352,895.7,895.8,895.750000
1764326802646,895.7,895.8,895.750000
1764326802916,895.7,895.8,895.750000
1764326803193,895.7,895.8,895.750000
1764326803492,895.7,895.8,895.750000
1764326803764,895.7,895.8,895.750000
1764326804043,895.7,895.8,895.750000
1764326804315,895.7,895.8,895.750000
1764326804579,895.7,895.8,895.750000
1764326804851,895.7,895.8,895.750000
1764326805123,895.7,895.8,895.750000
1764326805374,895.7,895.8,895.750000
1764326805630,895.7,895.8,895.750000
1764326805901,895.7,895.8,895.750000
1764326806197,895.7,895.8,895.750000
1764326806461,895.7,895.8,895.750000
1764326806729,895.7,895.8,895.750000
1764326807005,895.7,895.8,895.750000
1764326807278,895.7,895.8,895.750000
1764326807555,895.7,895.8,895.750000
1764326807805,895.7,895.8,895.750000
1764326808093,895.7,895.8,895.750000
1764326808346,895.7,895.8,895.750000
1764326808638,895.7,895.8,895.750000
1764326808891,895.7,895.8,895.750000
1764326809182,895.7,895.8,895.750000
