unix_timestamp_ms,bid,ask,mid
1764336307135,3033.3,3033.4,3033.350000
1764336310864,3033.3,3033.4,3033.350000
1764336311122,3033.3,3033.4,3033.350000
1764336311375,3033.3,3033.4,3033.350000
1764336311625,3033.3,3033.4,3033.350000
1764336311879,3033.3,3033.4,3033.350000
1764336312131,3033.3,3033.4,3033.350000
1764336312381,3033.3,3033.4,3033.350000
1764336312632,3033.3,3033.4,3033.350000
1764336312886,3033.3,3033.4,3033.350000
1764336313139,3033.3,3033.4,3033.350000
1764336313389,3033.3,3033.4,3033.350000
1764336313640,3033.3,3033.4,3033.350000
1764336313895,3033.3,3033.4,3033.350000
1764336314150,3033.3,3033.4,3033.350000
1764336314403,3033.3,3033.4,3033.350000
1764336314654,3033.3,3033.4,3033.350000
1764336314910,3033.3,3033.4,3033.350000
1764336315160,3033.3,3033.4,3033.350000
1764336315410,3033.3,3033.4,3033.350000
1764336315661,3033.3,3033.4,3033.350000
1764336315916,3033.3,3033.4,3033.350000
1764336316166,3033.3,3033.4,3033.350000
1764336316418,3033.3,3033.4,3033.350000
1764336316669,3033.3,3033.4,3033.350000
1764336316922,3033.3,3033.4,3033.350000
1764336317174,3033.3,3033.4,3033.350000
1764336317427,3033.3,3033.4,3033.350000
1764336317685,3033.3,3033.4,3033.350000
1764336317944,3033.3,3033.4,3033.350000
1764336318201,3033.3,3033.4,3033.350000
1764336318453,3033.3,3033.4,3033.350000
1764336318708,3033.3,3033.4,3033.350000
1764336318959,3033.3,3033.4,3033.350000
1764336319209,3033.3,3033.4,3033.350000
1764336319459,3033.3,3033.4,3033.350000
1764336319711,3033.3,3033.4,3033.350000
1764336319961,3033.3,3033.4,3033.350000
1764336320218,3033.3,3033.4,3033.350000
1764336320468,3033.3,3033.4,3033.350000
1764336320719,3033.3,3033.4,3033.350000
1764336320969,3033.3,3033.4,3033.350000
1764336321224,3033.3,3033.4,3033.350000
1764336321478,3033.3,3033.4,3033.350000
1764336321731,3033.3,3033.4,3033.350000
1764336321992,3033.3,3033.4,3033.350000
1764336322244,3033.3,3033.4,3033.350000
1764336322497,3033.3,3033.4,3033.350000
1764336322754,3033.3,3033.4,3033.350000
1764336323013,3033.3,3033.4,3033.350000
1764336323263,3033.3,3033.4,3033.350000
1764336323514,3033.3,3033.4,3033.350000
1764336323764,3033.3,3033.4,3033.350000
1764336324016,3033.3,3033.4,3033.350000
1764336324266,3033.3,3033.4,3033.350000
1764336324516,3033.3,3033.4,3033.350000
1764336324766,3033.3,3033.4,3033.350000
1764336371192,3033.8,3033.9,3033.850000
1764336374607,3033.8,3033.9,3033.850000
1764336374858,3033.8,3033.9,3033.850000
1764336375110,3033.8,3033.9,3033.850000
1764336375360,3033.8,3033.9,3033.850000
1764336375617,3033.8,3033.9,3033.850000
1764336375871,3033.8,3033.9,3033.850000
1764336376122,3033.8,3033.9,3033.850000
1764336376375,3033.8,3033.9,3033.850000
1764336376630,3033.8,3033.9,3033.850000
1764336376881,3034.2,3034.3,3034.250000
1764336377133,3034.2,3034.3,3034.250000
1764336377384,3034.2,3034.3,3034.250000
1764336377644,3034.2,3034.3,3034.250000
1764336377894,3034.2,3034.3,3034.250000
1764336378145,3034.2,3034.3,3034.250000
1764336378401,3034.2,3034.3,3034.250000
1764336378654,3034.2,3034.3,3034.250000
1764336378904,3034.2,3034.3,3034.250000
1764336379157,3034.2,3034.3,3034.250000
1764336379408,3034.2,3034.3,3034.250000
1764336379659,3034.2,3034.3,3034.250000
1764336379909,3034.2,3034.3,3034.250000
1764336380164,3034.2,3034.3,3034.250000
1764336380417,3034.2,3034.3,3034.250000
1764336380667,3034.2,3034.3,3034.250000
1764336380918,3034.2,3034.3,3034.250000
1764336381177,3034.2,3034.3,3034.250000
1764336381435,3034.2,3034.3,3034.250000
1764336381685,3034.2,3034.3,3034.250000
1764336381937,3034.2,3034.3,3034.250000
1764336382189,3034.2,3034.3,3034.250000
1764336382440,3034.2,3034.3,3034.250000
1764336382693,3034.2,3034.3,3034.250000
1764336382943,3034.2,3034.3,3034.250000
1764336383194,3034.2,3034.3,3034.250000
1764336383445,3034.2,3034.3,3034.250000
1764336383696,3034.3,3034.4,3034.350000
1764336383951,3034.3,3034.4,3034.350000
1764336384201,3034.3,3034.4,3034.350000
1764336384451,3034.3,3034.4,3034.350000
1764336384705,3034.3,3034.4,3034.350000
1764336384958,3034.3,3034.4,3034.350000
1764336385208,3034.3,3034.4,3034.350000
1764336385458,3034.3,3034.4,3034.350000
1764336385708,3034.3,3034.4,3034.350000
1764336385958,3034.3,3034.4,3034.350000
1764336386208,3034.3,3034.4,3034.350000
1764336386458,3034.5,3034.6,3034.550000
1764336386709,3034.5,3034.6,3034.550000
1764336386959,3034.5,3034.6,3034.550000
1764336387209,3034.5,3034.6,3034.550000
1764336387461,3034.5,3034.6,3034.550000
1764336387712,3034.5,3034.6,3034.550000
1764336387962,3034.5,3034.6,3034.550000
1764336388213,3034.5,3034.6,3034.550000
1764336388463,3034.5,3034.6,3034.550000
1764336388720,3034.5,3034.6,3034.550000
1764336388970,3034.5,3034.6,3034.550000
1764336389224,3034.5,3034.6,3034.550000
1764336389476,3034.5,3034.6,3034.550000
1764336389726,3034.5,3034.6,3034.550000
1764336389982,3034.5,3034.6,3034.550000
1764336390239,3034.5,3034.6,3034.550000
1764336390489,3034.5,3034.6,3034.550000
1764336390748,3034.5,3034.6,3034.550000
1764336391001,3034.5,3034.6,3034.550000
1764336391253,3034.5,3034.6,3034.550000
1764336391509,3034.4,3034.5,3034.450000
1764336391759,3034.4,3034.5,3034.450000
1764336392010,3034.4,3034.5,3034.450000
1764336392263,3034.3,3034.4,3034.350000
1764336392514,3034.2,3034.3,3034.250000
1764336392764,3034.2,3034.3,3034.250000
1764336393015,3034.2,3034.3,3034.250000
1764336393265,3034.2,3034.3,3034.250000
1764336393516,3034.2,3034.3,3034.250000
1764336393766,3034.2,3034.3,3034.250000
1764336394016,3034.2,3034.3,3034.250000
1764336394266,3034.1,3034.2,3034.150000
1764336394516,3034.1,3034.2,3034.150000
1764336394766,3034.1,3034.2,3034.150000
1764336395016,3034.1,3034.2,3034.150000
1764336395267,3034.1,3034.2,3034.150000
1764336395525,3034.1,3034.2,3034.150000
1764336395775,3034.1,3034.2,3034.150000
1764336396027,3034.1,3034.2,3034.150000
1764336396277,3034.1,3034.2,3034.150000
1764336396535,3034.1,3034.2,3034.150000
1764336396785,3034.1,3034.2,3034.150000
1764336397036,3034.1,3034.2,3034.150000
1764336397287,3034.1,3034.2,3034.150000
1764336397538,3034.1,3034.2,3034.150000
1764336397789,3034.1,3034.2,3034.150000
1764336398041,3034.1,3034.2,3034.150000
1764336398293,3034.1,3034.2,3034.150000
1764336398547,3034.1,3034.2,3034.150000
1764336398799,3034.1,3034.2,3034.150000
1764336399054,3034.1,3034.2,3034.150000
1764336399309,3034.1,3034.2,3034.150000
1764336399559,3034.1,3034.2,3034.150000
1764336399810,3034.1,3034.2,3034.150000
1764336400062,3034.1,3034.2,3034.150000
1764336400315,3034.1,3034.2,3034.150000
1764336400565,3034.1,3034.2,3034.150000
1764336400820,3034.1,3034.2,3034.150000
1764336401071,3034.1,3034.2,3034.150000
1764336401325,3034.1,3034.2,3034.150000
1764336401584,3034.1,3034.2,3034.150000
1764336401837,3034.1,3034.2,3034.150000
1764336402087,3034.1,3034.2,3034.150000
1764336402338,3034.1,3034.2,3034.150000
1764336402589,3034.1,3034.2,3034.150000
1764336402841,3034.1,3034.2,3034.150000
1764336403091,3034.1,3034.2,3034.150000
1764336403341,3034.1,3034.2,3034.150000
1764336403592,3034.1,3034.2,3034.150000
1764336403842,3034.1,3034.2,3034.150000
1764336404095,3034.1,3034.2,3034.150000
1764336404348,3034.1,3034.2,3034.150000
1764336404599,3034.1,3034.2,3034.150000
1764336404850,3034.1,3034.2,3034.150000
1764336405102,3034.1,3034.2,3034.150000
1764336405355,3034.1,3034.2,3034.150000
1764336405605,3034.3,3034.4,3034.350000
1764336405856,3034.3,3034.4,3034.350000
1764336406108,3034.3,3034.4,3034.350000
1764336406360,3034.3,3034.4,3034.350000
1764336406611,3034.6,3034.7,3034.650000
1764336406862,3034.6,3034.7,3034.650000
1764336407113,3034.6,3034.7,3034.650000
1764336407363,3034.6,3034.7,3034.650000
1764336407615,3034.6,3034.7,3034.650000
1764336407866,3034.6,3034.7,3034.650000
1764336408117,3034.6,3034.7,3034.650000
1764336408367,3034.6,3034.7,3034.650000
1764336408624,3034.6,3034.7,3034.650000
1764336408880,3034.6,3034.7,3034.650000
1764336409133,3034.6,3034.7,3034.650000
1764336409384,3034.6,3034.7,3034.650000
1764336409636,3034.6,3034.7,3034.650000
1764336409888,3034.6,3034.7,3034.650000
1764336410146,3034.6,3034.7,3034.650000
1764336410399,3034.6,3034.7,3034.650000
1764336410654,3034.6,3034.7,3034.650000
1764336410904,3034.6,3034.7,3034.650000
1764336411154,3034.6,3034.7,3034.650000
1764336411410,3034.6,3034.7,3034.650000
1764336411660,3034.6,3034.7,3034.650000
1764336411913,3034.6,3034.7,3034.650000
1764336412164,3034.6,3034.7,3034.650000
1764336412415,3034.6,3034.7,3034.650000
1764336412665,3034.6,3034.7,3034.650000
1764336412917,3034.6,3034.7,3034.650000
1764336413168,3034.7,3034.8,3034.750000
1764336413423,3034.8,3034.9,3034.850000
1764336413674,3034.8,3034.9,3034.850000
1764336413924,3034.8,3034.9,3034.850000
1764336414180,3034.8,3034.9,3034.850000
1764336414441,3034.8,3034.9,3034.850000
1764336414692,3034.8,3034.9,3034.850000
1764336414950,3034.8,3034.9,3034.850000
1764336415207,3034.8,3034.9,3034.850000
1764336415457,3034.8,3034.9,3034.850000
1764336415707,3034.8,3034.9,3034.850000
1764336415958,3034.8,3034.9,3034.850000
1764336416208,3034.8,3034.9,3034.850000
1764336416458,3034.8,3034.9,3034.850000
1764336416713,3034.8,3034.9,3034.850000
1764336416963,3034.8,3034.9,3034.850000
1764336417214,3034.8,3034.9,3034.850000
1764336417464,3034.8,3034.9,3034.850000
1764336417717,3034.8,3034.9,3034.850000
1764336417968,3034.8,3034.9,3034.850000
1764336418219,3034.8,3034.9,3034.850000
1764336418469,3034.8,3034.9,3034.850000
1764336418727,3034.8,3034.9,3034.850000
1764336418977,3034.8,3034.9,3034.850000
1764336419229,3034.8,3034.9,3034.850000
1764336419479,3034.8,3034.9,3034.850000
1764336419733,3034.8,3034.9,3034.850000
1764336419984,3034.8,3034.9,3034.850000
1764336420236,3034.8,3034.9,3034.850000
1764336420486,3034.8,3034.9,3034.850000
1764336420737,3034.8,3034.9,3034.850000
1764336420988,3034.8,3034.9,3034.850000
1764336421239,3034.8,3034.9,3034.850000
1764336421490,3034.8,3034.9,3034.850000
1764336421740,3034.8,3034.9,3034.850000
1764336421996,3034.8,3034.9,3034.850000
1764336422246,3034.8,3034.9,3034.850000
1764336422496,3034.8,3034.9,3034.850000
1764336422749,3034.8,3034.9,3034.850000
1764336422999,3034.8,3034.9,3034.850000
1764336423257,3034.8,3034.9,3034.850000
1764336423507,3034.6,3034.7,3034.650000
1764336423757,3034.6,3034.7,3034.650000
1764336424007,3034.6,3034.7,3034.650000
1764336424257,3034.5,3034.6,3034.550000
1764336424507,3034.5,3034.6,3034.550000
1764336424757,3034.5,3034.6,3034.550000
1764336425007,3034.5,3034.6,3034.550000
1764336425257,3034.5,3034.6,3034.550000
1764336425507,3034.5,3034.6,3034.550000
1764336425757,3034.5,3034.6,3034.550000
1764336426009,3034.5,3034.6,3034.550000
1764336426259,3034.5,3034.6,3034.550000
1764336426509,3034.5,3034.6,3034.550000
1764336426760,3034.5,3034.6,3034.550000
1764336427011,3034.5,3034.6,3034.550000
1764336427261,3034.5,3034.6,3034.550000
1764336427517,3034.5,3034.6,3034.550000
1764336427771,3034.5,3034.6,3034.550000
1764336428021,3034.5,3034.6,3034.550000
1764336428272,3034.5,3034.6,3034.550000
1764336428522,3034.5,3034.6,3034.550000
1764336428772,3034.5,3034.6,3034.550000
1764336429026,3034.5,3034.6,3034.550000
1764336429288,3034.5,3034.6,3034.550000
1764336429538,3034.5,3034.6,3034.550000
1764336429789,3034.5,3034.6,3034.550000
1764336430042,3034.5,3034.6,3034.550000
1764336430292,3034.5,3034.6,3034.550000
1764336430542,3034.5,3034.6,3034.550000
1764336430793,3034.5,3034.6,3034.550000
1764336431044,3034.5,3034.6,3034.550000
1764336431296,3034.5,3034.6,3034.550000
1764336431547,3034.5,3034.6,3034.550000
1764336431797,3034.5,3034.6,3034.550000
1764336432048,3034.5,3034.6,3034.550000
1764336432302,3034.5,3034.6,3034.550000
1764336432552,3034.5,3034.6,3034.550000
1764336432802,3034.5,3034.6,3034.550000
1764336433055,3034.5,3034.6,3034.550000
1764336433311,3034.5,3034.6,3034.550000
1764336433561,3034.5,3034.6,3034.550000
1764336433813,3034.5,3034.6,3034.550000
1764336434067,3034.5,3034.6,3034.550000
1764336434318,3034.5,3034.6,3034.550000
1764336434570,3034.5,3034.6,3034.550000
1764336434829,3034.5,3034.6,3034.550000
1764336435084,3034.5,3034.6,3034.550000
1764336435334,3034.5,3034.6,3034.550000
1764336435585,3034.5,3034.6,3034.550000
1764336435836,3034.5,3034.6,3034.550000
1764336436095,3034.5,3034.6,3034.550000
1764336436353,3034.5,3034.6,3034.550000
1764336436603,3034.5,3034.6,3034.550000
1764336436854,3034.5,3034.6,3034.550000
1764336437104,3034.5,3034.6,3034.550000
1764336437354,3034.5,3034.6,3034.550000
1764336437605,3034.5,3034.6,3034.550000
1764336437855,3034.5,3034.6,3034.550000
1764336438105,3034.5,3034.6,3034.550000
1764336438360,3034.5,3034.6,3034.550000
1764336438611,3034.5,3034.6,3034.550000
1764336438862,3034.5,3034.6,3034.550000
1764336439117,3034.5,3034.6,3034.550000
1764336439368,3034.5,3034.6,3034.550000
1764336439620,3034.5,3034.6,3034.550000
1764336439872,3034.5,3034.6,3034.550000
1764336440123,3034.5,3034.6,3034.550000
1764336440374,3034.5,3034.6,3034.550000
1764336440624,3034.5,3034.6,3034.550000
1764336440877,3034.5,3034.6,3034.550000
1764336441133,3034.5,3034.6,3034.550000
1764336441394,3034.5,3034.6,3034.550000
1764336441644,3034.5,3034.6,3034.550000
1764336441895,3034.5,3034.6,3034.550000
1764336442146,3034.5,3034.6,3034.550000
1764336442401,3034.5,3034.6,3034.550000
1764336442655,3034.5,3034.6,3034.550000
1764336442905,3034.5,3034.6,3034.550000
1764336443155,3034.5,3034.6,3034.550000
1764336443406,3034.5,3034.6,3034.550000
1764336443656,3034.5,3034.6,3034.550000
1764336443910,3034.5,3034.6,3034.550000
1764336444161,3034.5,3034.6,3034.550000
1764336444416,3034.5,3034.6,3034.550000
1764336444668,3034.5,3034.6,3034.550000
1764336444921,3034.5,3034.6,3034.550000
1764336445174,3034.5,3034.6,3034.550000
1764336445424,3034.5,3034.6,3034.550000
1764336445674,3034.5,3034.6,3034.550000
1764336445929,3034.5,3034.6,3034.550000
1764336446180,3034.5,3034.6,3034.550000
1764336446431,3034.5,3034.6,3034.550000
1764336446681,3034.5,3034.6,3034.550000
1764336446942,3034.5,3034.6,3034.550000
1764336447193,3034.5,3034.6,3034.550000
1764336447443,3034.5,3034.6,3034.550000
1764336447693,3034.5,3034.6,3034.550000
1764336447944,3034.5,3034.6,3034.550000
1764336448195,3034.5,3034.6,3034.550000
1764336448445,3034.5,3034.6,3034.550000
1764336448695,3034.5,3034.6,3034.550000
1764336448949,3034.5,3034.6,3034.550000
1764336449207,3034.5,3034.6,3034.550000
1764336449460,3034.5,3034.6,3034.550000
1764336449712,3034.5,3034.6,3034.550000
1764336449962,3034.5,3034.6,3034.550000
1764336450212,3034.5,3034.6,3034.550000
1764336450462,3034.5,3034.6,3034.550000
1764336450720,3034.5,3034.6,3034.550000
1764336450970,3034.5,3034.6,3034.550000
1764336451222,3034.5,3034.6,3034.550000
1764336451472,3034.5,3034.6,3034.550000
1764336451722,3034.5,3034.6,3034.550000
1764336451977,3034.5,3034.6,3034.550000
1764336452232,3034.5,3034.6,3034.550000
1764336452482,3034.5,3034.6,3034.550000
1764336452739,3034.5,3034.6,3034.550000
1764336452991,3034.5,3034.6,3034.550000
1764336453248,3034.5,3034.6,3034.550000
1764336453499,3034.5,3034.6,3034.550000
1764336453756,3034.5,3034.6,3034.550000
1764336454008,3034.5,3034.6,3034.550000
1764336454260,3034.5,3034.6,3034.550000
1764336454518,3034.5,3034.6,3034.550000
1764336454769,3034.5,3034.6,3034.550000
1764336455019,3034.5,3034.6,3034.550000
1764336455272,3034.5,3034.6,3034.550000
1764336455526,3034.5,3034.6,3034.550000
1764336455782,3034.5,3034.6,3034.550000
1764336456032,3034.5,3034.6,3034.550000
1764336456283,3034.5,3034.6,3034.550000
1764336456534,3034.5,3034.6,3034.550000
1764336456788,3034.5,3034.6,3034.550000
1764336457048,3034.5,3034.6,3034.550000
1764336457325,3034.5,3034.6,3034.550000
1764336457575,3034.5,3034.6,3034.550000
1764336457834,3034.5,3034.6,3034.550000
1764336458106,3034.5,3034.6,3034.550000
1764336458356,3034.5,3034.6,3034.550000
1764336458616,3034.5,3034.6,3034.550000
1764336458869,3034.5,3034.6,3034.550000
1764336459154,3034.5,3034.6,3034.550000
1764336459406,3034.5,3034.6,3034.550000
1764336459657,3034.5,3034.6,3034.550000
1764336459911,3034.5,3034.6,3034.550000
1764336460163,3034.5,3034.6,3034.550000
1764336460416,3034.5,3034.6,3034.550000
1764336460668,3034.5,3034.6,3034.550000
1764336460922,3034.5,3034.6,3034.550000
1764336461179,3034.5,3034.6,3034.550000
1764336461430,3034.5,3034.6,3034.550000
1764336461681,3034.5,3034.6,3034.550000
1764336461935,3034.5,3034.6,3034.550000
1764336462194,3034.5,3034.6,3034.550000
1764336462444,3034.5,3034.6,3034.550000
1764336462698,3034.5,3034.6,3034.550000
1764336462956,3034.5,3034.6,3034.550000
1764336463210,3034.5,3034.6,3034.550000
1764336463460,3034.5,3034.6,3034.550000
1764336463717,3034.5,3034.6,3034.550000
1764336463967,3034.5,3034.6,3034.550000
1764336464221,3034.5,3034.6,3034.550000
1764336464478,3034.5,3034.6,3034.550000
1764336464730,3034.5,3034.6,3034.550000
1764336464981,3034.5,3034.6,3034.550000
1764336465231,3034.5,3034.6,3034.550000
1764336465482,3034.5,3034.6,3034.550000
1764336465732,3034.3,3034.4,3034.350000
1764336465982,3034.3,3034.4,3034.350000
1764336466235,3034.3,3034.4,3034.350000
1764336466486,3034.3,3034.4,3034.350000
1764336466738,3034.3,3034.4,3034.350000
1764336466988,3034.3,3034.4,3034.350000
1764336467240,3034.3,3034.4,3034.350000
1764336467490,3034.3,3034.4,3034.350000
1764336467740,3034.3,3034.4,3034.350000
1764336467997,3034.3,3034.4,3034.350000
1764336468249,3034.3,3034.4,3034.350000
1764336468500,3034.3,3034.4,3034.350000
1764336468756,3034.3,3034.4,3034.350000
1764336469007,3034.3,3034.4,3034.350000
1764336469257,3034.3,3034.4,3034.350000
1764336469508,3034.3,3034.4,3034.350000
1764336469759,3034.3,3034.4,3034.350000
1764336470009,3034.3,3034.4,3034.350000
1764336470259,3034.3,3034.4,3034.350000
1764336470514,3034.3,3034.4,3034.350000
1764336470764,3034.3,3034.4,3034.350000
1764336471019,3034.3,3034.4,3034.350000
1764336471270,3034.3,3034.4,3034.350000
1764336471523,3034.3,3034.4,3034.350000
1764336471773,3034.3,3034.4,3034.350000
1764336472027,3034.3,3034.4,3034.350000
1764336472278,3034.3,3034.4,3034.350000
1764336472528,3034.3,3034.4,3034.350000
1764336472785,3034.3,3034.4,3034.350000
1764336473036,3034.3,3034.4,3034.350000
1764336473287,3034.3,3034.4,3034.350000
1764336473537,3034.3,3034.4,3034.350000
1764336473787,3034.3,3034.4,3034.350000
1764336474039,3034.3,3034.4,3034.350000
1764336474293,3034.3,3034.4,3034.350000
1764336474549,3034.3,3034.4,3034.350000
1764336474799,3034.3,3034.4,3034.350000
1764336475052,3034.3,3034.4,3034.350000
1764336475317,3034.3,3034.4,3034.350000
1764336475567,3034.3,3034.4,3034.350000
1764336475818,3034.3,3034.4,3034.350000
1764336476068,3034.3,3034.4,3034.350000
1764336476318,3034.3,3034.4,3034.350000
1764336476568,3034.3,3034.4,3034.350000
1764336476818,3034.3,3034.4,3034.350000
1764336477073,3034.3,3034.4,3034.350000
1764336477324,3034.3,3034.4,3034.350000
1764336477575,3034.3,3034.4,3034.350000
1764336477826,3034.3,3034.4,3034.350000
1764336478077,3034.3,3034.4,3034.350000
1764336478338,3034.3,3034.4,3034.350000
1764336478591,3034.3,3034.4,3034.350000
1764336478841,3034.3,3034.4,3034.350000
1764336479098,3034.3,3034.4,3034.350000
1764336479351,3034.3,3034.4,3034.350000
1764336479603,3034.3,3034.4,3034.350000
1764336479854,3034.3,3034.4,3034.350000
1764336480108,3034.3,3034.4,3034.350000
1764336480358,3034.3,3034.4,3034.350000
1764336480608,3034.3,3034.4,3034.350000
1764336480858,3034.3,3034.4,3034.350000
1764336481111,3034.3,3034.4,3034.350000
1764336481362,3034.3,3034.4,3034.350000
1764336481615,3034.3,3034.4,3034.350000
1764336481865,3034.3,3034.4,3034.350000
1764336482118,3034.3,3034.4,3034.350000
1764336482369,3034.3,3034.4,3034.350000
1764336482624,3034.3,3034.4,3034.350000
1764336482874,3034.3,3034.4,3034.350000
1764336483124,3034.3,3034.4,3034.350000
1764336483376,3034.3,3034.4,3034.350000
1764336483627,3034.3,3034.4,3034.350000
1764336483877,3034.3,3034.4,3034.350000
1764336484135,3034.3,3034.4,3034.350000
1764336484386,3034.3,3034.4,3034.350000
1764336484636,3034.3,3034.4,3034.350000
1764336484886,3034.3,3034.4,3034.350000
1764336485142,3034.3,3034.4,3034.350000
1764336485393,3034.3,3034.4,3034.350000
1764336485643,3034.3,3034.4,3034.350000
1764336485895,3034.3,3034.4,3034.350000
1764336486146,3034.3,3034.4,3034.350000
1764336486396,3034.3,3034.4,3034.350000
1764336486651,3034.3,3034.4,3034.350000
1764336486902,3034.3,3034.4,3034.350000
1764336487152,3034.3,3034.4,3034.350000
1764336487410,3034.3,3034.4,3034.350000
1764336487660,3034.3,3034.4,3034.350000
1764336487911,3034.3,3034.4,3034.350000
1764336488161,3034.3,3034.4,3034.350000
1764336488411,3034.3,3034.4,3034.350000
1764336488662,3034.3,3034.4,3034.350000
1764336488912,3034.2,3034.3,3034.250000
1764336489162,3034.2,3034.3,3034.250000
1764336489417,3034.2,3034.3,3034.250000
1764336489667,3034.2,3034.3,3034.250000
1764336489919,3034.2,3034.3,3034.250000
1764336490169,3034.2,3034.3,3034.250000
1764336490421,3034.2,3034.3,3034.250000
1764336490673,3034.2,3034.3,3034.250000
1764336490929,3034.2,3034.3,3034.250000
1764336491180,3034.2,3034.3,3034.250000
1764336491431,3034.2,3034.3,3034.250000
1764336491681,3034.2,3034.3,3034.250000
1764336491939,3034.2,3034.3,3034.250000
1764336492194,3034.2,3034.3,3034.250000
1764336492447,3034.2,3034.3,3034.250000
1764336492705,3034.2,3034.3,3034.250000
1764336492955,3034.2,3034.3,3034.250000
1764336493209,3034.2,3034.3,3034.250000
1764336493459,3034.2,3034.3,3034.250000
1764336493709,3034.2,3034.3,3034.250000
1764336493963,3034.2,3034.3,3034.250000
1764336494214,3034.2,3034.3,3034.250000
1764336494464,3034.2,3034.3,3034.250000
1764336494715,3034.2,3034.3,3034.250000
1764336494965,3034.2,3034.3,3034.250000
1764336495216,3034.2,3034.3,3034.250000
1764336495466,3034.2,3034.3,3034.250000
1764336495717,3034.2,3034.3,3034.250000
1764336495969,3034.2,3034.3,3034.250000
1764336496220,3034.2,3034.3,3034.250000
1764336496470,3034.2,3034.3,3034.250000
1764336496721,3034.2,3034.3,3034.250000
1764336496971,3034.2,3034.3,3034.250000
1764336497221,3034.2,3034.3,3034.250000
1764336497478,3034.2,3034.3,3034.250000
1764336497728,3034.2,3034.3,3034.250000
1764336497983,3034.2,3034.3,3034.250000
1764336498235,3034.2,3034.3,3034.250000
1764336498485,3034.2,3034.3,3034.250000
1764336498735,3034.2,3034.3,3034.250000
1764336498985,3034.3,3034.4,3034.350000
1764336499237,3034.3,3034.4,3034.350000
1764336499492,3034.3,3034.4,3034.350000
1764336499744,3034.3,3034.4,3034.350000
1764336499994,3034.3,3034.4,3034.350000
1764336500244,3034.3,3034.4,3034.350000
1764336500494,3034.3,3034.4,3034.350000
1764336500745,3034.3,3034.4,3034.350000
1764336500997,3034.3,3034.4,3034.350000
1764336501248,3034.3,3034.4,3034.350000
1764336501498,3034.3,3034.4,3034.350000
1764336501756,3034.3,3034.4,3034.350000
1764336502016,3034.3,3034.4,3034.350000
1764336502267,3034.3,3034.4,3034.350000
1764336502518,3034.3,3034.4,3034.350000
1764336502769,3034.3,3034.4,3034.350000
1764336503020,3034.3,3034.4,3034.350000
1764336503271,3034.3,3034.4,3034.350000
1764336503521,3034.3,3034.4,3034.350000
1764336503771,3034.3,3034.4,3034.350000
1764336504030,3034.3,3034.4,3034.350000
1764336504290,3034.3,3034.4,3034.350000
1764336504555,3034.3,3034.4,3034.350000
1764336504806,3034.3,3034.4,3034.350000
1764336505056,3034.3,3034.4,3034.350000
1764336505312,3034.3,3034.4,3034.350000
1764336505563,3034.3,3034.4,3034.350000
1764336505813,3034.3,3034.4,3034.350000
1764336506063,3034.3,3034.4,3034.350000
1764336506313,3034.3,3034.4,3034.350000
1764336506563,3034.3,3034.4,3034.350000
1764336506813,3034.3,3034.4,3034.350000
1764336507063,3034.3,3034.4,3034.350000
1764336507315,3034.3,3034.4,3034.350000
1764336507567,3034.3,3034.4,3034.350000
1764336507819,3034.3,3034.4,3034.350000
1764336508070,3034.3,3034.4,3034.350000
1764336508323,3034.3,3034.4,3034.350000
1764336508580,3034.3,3034.4,3034.350000
1764336508830,3034.3,3034.4,3034.350000
1764336509080,3034.3,3034.4,3034.350000
1764336509330,3034.3,3034.4,3034.350000
1764336509580,3034.3,3034.4,3034.350000
1764336509837,3034.3,3034.4,3034.350000
1764336510090,3034.3,3034.4,3034.350000
1764336510341,3034.3,3034.4,3034.350000
1764336510593,3034.3,3034.4,3034.350000
1764336510848,3034.3,3034.4,3034.350000
1764336511098,3034.2,3034.3,3034.250000
1764336511348,3034.2,3034.3,3034.250000
1764336511598,3034.2,3034.3,3034.250000
1764336511850,3034.2,3034.3,3034.250000
1764336512102,3034.2,3034.3,3034.250000
1764336512356,3034.2,3034.3,3034.250000
1764336512610,3034.2,3034.3,3034.250000
1764336512860,3034.2,3034.3,3034.250000
1764336513112,3034.2,3034.3,3034.250000
1764336513362,3034.2,3034.3,3034.250000
1764336513614,3034.2,3034.3,3034.250000
1764336513864,3034.2,3034.3,3034.250000
1764336514118,3034.2,3034.3,3034.250000
1764336514369,3034.2,3034.3,3034.250000
1764336514619,3034.2,3034.3,3034.250000
1764336514869,3034.2,3034.3,3034.250000
1764336515122,3034.2,3034.3,3034.250000
1764336515377,3034.2,3034.3,3034.250000
1764336515633,3034.2,3034.3,3034.250000
1764336515883,3034.2,3034.3,3034.250000
1764336516135,3034.2,3034.3,3034.250000
1764336516389,3034.2,3034.3,3034.250000
1764336516646,3034.2,3034.3,3034.250000
1764336516912,3034.2,3034.3,3034.250000
1764336517162,3034.2,3034.3,3034.250000
1764336517414,3034.2,3034.3,3034.250000
1764336517665,3034.2,3034.3,3034.250000
1764336517919,3034.2,3034.3,3034.250000
1764336518169,3034.2,3034.3,3034.250000
1764336518431,3034.2,3034.3,3034.250000
1764336518687,3034.2,3034.3,3034.250000
1764336518946,3034.2,3034.3,3034.250000
1764336519196,3034.2,3034.3,3034.250000
1764336519455,3034.2,3034.3,3034.250000
1764336519709,3034.2,3034.3,3034.250000
1764336519960,3034.2,3034.3,3034.250000
1764336520212,3034.2,3034.3,3034.250000
1764336520462,3034.2,3034.3,3034.250000
1764336520714,3034.2,3034.3,3034.250000
1764336520965,3034.2,3034.3,3034.250000
1764336521219,3034.2,3034.3,3034.250000
1764336521470,3034.2,3034.3,3034.250000
1764336521720,3034.2,3034.3,3034.250000
1764336521970,3034.2,3034.3,3034.250000
1764336522220,3034.2,3034.3,3034.250000
1764336522470,3034.2,3034.3,3034.250000
1764336522722,3034.2,3034.3,3034.250000
1764336522978,3034.2,3034.3,3034.250000
1764336523229,3034.2,3034.3,3034.250000
1764336523479,3034.2,3034.3,3034.250000
1764336523737,3034.2,3034.3,3034.250000
1764336523988,3034.2,3034.3,3034.250000
1764336524239,3034.2,3034.3,3034.250000
1764336524493,3034.2,3034.3,3034.250000
1764336524743,3034.2,3034.3,3034.250000
1764336524994,3034.2,3034.3,3034.250000
1764336525251,3034.2,3034.3,3034.250000
1764336525503,3034.2,3034.3,3034.250000
1764336525753,3034.2,3034.3,3034.250000
1764336526010,3034.2,3034.3,3034.250000
1764336526261,3034.2,3034.3,3034.250000
1764336526520,3034.2,3034.3,3034.250000
1764336526778,3034.2,3034.3,3034.250000
1764336527028,3034.2,3034.3,3034.250000
1764336527278,3034.2,3034.3,3034.250000
1764336527529,3034.2,3034.3,3034.250000
1764336527788,3034.2,3034.3,3034.250000
1764336528046,3034.2,3034.3,3034.250000
1764336528297,3034.2,3034.3,3034.250000
1764336528547,3034.2,3034.3,3034.250000
1764336528802,3034.2,3034.3,3034.250000
1764336529052,3034.2,3034.3,3034.250000
1764336529303,3034.2,3034.3,3034.250000
1764336529554,3034.2,3034.3,3034.250000
1764336529805,3034.2,3034.3,3034.250000
1764336530056,3034.2,3034.3,3034.250000
1764336530310,3034.2,3034.3,3034.250000
1764336530560,3034.2,3034.3,3034.250000
1764336530811,3034.2,3034.3,3034.250000
1764336531061,3034.2,3034.3,3034.250000
1764336531316,3034.2,3034.3,3034.250000
1764336531576,3034.2,3034.3,3034.250000
1764336531826,3034.2,3034.3,3034.250000
1764336532076,3034.2,3034.3,3034.250000
1764336532329,3034.2,3034.3,3034.250000
1764336532582,3034.2,3034.3,3034.250000
1764336532832,3034.2,3034.3,3034.250000
1764336533082,3034.2,3034.3,3034.250000
1764336533333,3034.2,3034.3,3034.250000
1764336533583,3034.2,3034.3,3034.250000
1764336533834,3034.2,3034.3,3034.250000
1764336534093,3034.2,3034.3,3034.250000
1764336534343,3034.2,3034.3,3034.250000
1764336534594,3034.2,3034.3,3034.250000
1764336534845,3034.2,3034.3,3034.250000
1764336535101,3034.2,3034.3,3034.250000
1764336535351,3034.2,3034.3,3034.250000
1764336535601,3034.2,3034.3,3034.250000
1764336535855,3034.2,3034.3,3034.250000
1764336536106,3034.2,3034.3,3034.250000
1764336536358,3034.2,3034.3,3034.250000
1764336536616,3034.2,3034.3,3034.250000
1764336536867,3034.2,3034.3,3034.250000
1764336537118,3034.2,3034.3,3034.250000
1764336537368,3034.2,3034.3,3034.250000
1764336537618,3034.2,3034.3,3034.250000
1764336537869,3034.2,3034.3,3034.250000
1764336538122,3034.2,3034.3,3034.250000
1764336538373,3034.2,3034.3,3034.250000
1764336538625,3034.2,3034.3,3034.250000
1764336538875,3034.2,3034.3,3034.250000
1764336539125,3034.2,3034.3,3034.250000
1764336539376,3034.2,3034.3,3034.250000
1764336539630,3034.2,3034.3,3034.250000
1764336539880,3034.2,3034.3,3034.250000
1764336540142,3034.2,3034.3,3034.250000
1764336540395,3034.2,3034.3,3034.250000
1764336540645,3034.2,3034.3,3034.250000
1764336540897,3034.2,3034.3,3034.250000
1764336541148,3034.2,3034.3,3034.250000
1764336541409,3034.2,3034.3,3034.250000
1764336541660,3034.2,3034.3,3034.250000
1764336541910,3034.2,3034.3,3034.250000
1764336542162,3034.2,3034.3,3034.250000
1764336542412,3034.2,3034.3,3034.250000
1764336542662,3034.2,3034.3,3034.250000
1764336542914,3034.2,3034.3,3034.250000
1764336543164,3034.2,3034.3,3034.250000
1764336543414,3034.2,3034.3,3034.250000
1764336543664,3034.2,3034.3,3034.250000
1764336543915,3034.2,3034.3,3034.250000
1764336544165,3034.2,3034.3,3034.250000
1764336544420,3034.2,3034.3,3034.250000
1764336544670,3034.2,3034.3,3034.250000
1764336544922,3034.2,3034.3,3034.250000
1764336545180,3034.2,3034.3,3034.250000
1764336545439,3034.2,3034.3,3034.250000
1764336545689,3034.2,3034.3,3034.250000
1764336545939,3034.2,3034.3,3034.250000
1764336546189,3034.2,3034.3,3034.250000
1764336546448,3034.2,3034.3,3034.250000
1764336546709,3034.2,3034.3,3034.250000
1764336546960,3034.2,3034.3,3034.250000
1764336547211,3034.2,3034.3,3034.250000
1764336547461,3034.2,3034.3,3034.250000
1764336547713,3034.2,3034.3,3034.250000
1764336547963,3034.2,3034.3,3034.250000
1764336548217,3034.2,3034.3,3034.250000
1764336548467,3034.2,3034.3,3034.250000
1764336548726,3034.2,3034.3,3034.250000
1764336548977,3034.2,3034.3,3034.250000
1764336549228,3034.2,3034.3,3034.250000
1764336549482,3034.2,3034.3,3034.250000
1764336549737,3034.2,3034.3,3034.250000
1764336549994,3034.2,3034.3,3034.250000
1764336550249,3034.2,3034.3,3034.250000
1764336550501,3034.2,3034.3,3034.250000
1764336550751,3034.2,3034.3,3034.250000
1764336551004,3034.2,3034.3,3034.250000
1764336551256,3034.2,3034.3,3034.250000
1764336551512,3034.2,3034.3,3034.250000
1764336551763,3034.2,3034.3,3034.250000
1764336552013,3034.2,3034.3,3034.250000
1764336552263,3034.2,3034.3,3034.250000
1764336552522,3034.2,3034.3,3034.250000
1764336552779,3034.2,3034.3,3034.250000
1764336553032,3034.2,3034.3,3034.250000
1764336553283,3034.2,3034.3,3034.250000
1764336553537,3034.2,3034.3,3034.250000
1764336553788,3034.2,3034.3,3034.250000
1764336554047,3034.2,3034.3,3034.250000
1764336554297,3034.2,3034.3,3034.250000
1764336554552,3034.2,3034.3,3034.250000
1764336554802,3034.2,3034.3,3034.250000
1764336555054,3034.2,3034.3,3034.250000
1764336555312,3034.2,3034.3,3034.250000
1764336555565,3034.2,3034.3,3034.250000
1764336555815,3034.2,3034.3,3034.250000
1764336556066,3034.2,3034.3,3034.250000
1764336556316,3034.2,3034.3,3034.250000
1764336556566,3034.2,3034.3,3034.250000
1764336556818,3034.2,3034.3,3034.250000
1764336557069,3034.2,3034.3,3034.250000
1764336557326,3034.2,3034.3,3034.250000
1764336557576,3034.2,3034.3,3034.250000
1764336557829,3034.2,3034.3,3034.250000
1764336558079,3034.2,3034.3,3034.250000
1764336558329,3034.2,3034.3,3034.250000
1764336558579,3034.2,3034.3,3034.250000
1764336558829,3034.2,3034.3,3034.250000
1764336559082,3034.2,3034.3,3034.250000
1764336559333,3034.2,3034.3,3034.250000
1764336559584,3034.2,3034.3,3034.250000
1764336559840,3034.2,3034.3,3034.250000
1764336560091,3034.2,3034.3,3034.250000
1764336560343,3034.2,3034.3,3034.250000
1764336560601,3034.2,3034.3,3034.250000
1764336560851,3034.2,3034.3,3034.250000
1764336561102,3034.2,3034.3,3034.250000
1764336561352,3034.2,3034.3,3034.250000
1764336561602,3034.2,3034.3,3034.250000
1764336561852,3034.2,3034.3,3034.250000
1764336562106,3034.2,3034.3,3034.250000
1764336562356,3034.2,3034.3,3034.250000
1764336562606,3034.2,3034.3,3034.250000
1764336562856,3034.2,3034.3,3034.250000
1764336563107,3034.2,3034.3,3034.250000
1764336563357,3034.2,3034.3,3034.250000
1764336563608,3034.2,3034.3,3034.250000
1764336563859,3034.2,3034.3,3034.250000
1764336564115,3034.2,3034.3,3034.250000
1764336564365,3034.2,3034.3,3034.250000
1764336564616,3034.2,3034.3,3034.250000
1764336564876,3034.2,3034.3,3034.250000
1764336565131,3034.2,3034.3,3034.250000
1764336565383,3034.2,3034.3,3034.250000
1764336565646,3034.2,3034.3,3034.250000
1764336565903,3034.2,3034.3,3034.250000
1764336566153,3034.2,3034.3,3034.250000
1764336566409,3034.2,3034.3,3034.250000
1764336566659,3034.2,3034.3,3034.250000
1764336566919,3034.2,3034.3,3034.250000
1764336567169,3034.2,3034.3,3034.250000
1764336567422,3034.2,3034.3,3034.250000
1764336567681,3034.2,3034.3,3034.250000
1764336567933,3034.2,3034.3,3034.250000
1764336568191,3034.2,3034.3,3034.250000
1764336568446,3034.2,3034.3,3034.250000
1764336568697,3034.2,3034.3,3034.250000
1764336568948,3034.2,3034.3,3034.250000
1764336569203,3034.2,3034.3,3034.250000
1764336569454,3034.2,3034.3,3034.250000
1764336569706,3034.2,3034.3,3034.250000
1764336569956,3034.2,3034.3,3034.250000
1764336570207,3034.2,3034.3,3034.250000
1764336570457,3034.2,3034.3,3034.250000
1764336570707,3034.2,3034.3,3034.250000
1764336570959,3034.2,3034.3,3034.250000
1764336571209,3034.2,3034.3,3034.250000
1764336571460,3034.2,3034.3,3034.250000
1764336571711,3034.2,3034.3,3034.250000
1764336571963,3034.2,3034.3,3034.250000
1764336572213,3034.2,3034.3,3034.250000
1764336572467,3034.2,3034.3,3034.250000
1764336572718,3034.2,3034.3,3034.250000
1764336572969,3034.2,3034.3,3034.250000
1764336573219,3034.2,3034.3,3034.250000
1764336573470,3034.2,3034.3,3034.250000
1764336573734,3034.2,3034.3,3034.250000
1764336573991,3034.2,3034.3,3034.250000
1764336574246,3034.2,3034.3,3034.250000
1764336574498,3034.2,3034.3,3034.250000
1764336574750,3034.2,3034.3,3034.250000
1764336575001,3034.2,3034.3,3034.250000
1764336575257,3034.2,3034.3,3034.250000
1764336575509,3034.2,3034.3,3034.250000
1764336575759,3034.2,3034.3,3034.250000
1764336576010,3034.2,3034.3,3034.250000
1764336576262,3034.2,3034.3,3034.250000
1764336576512,3034.2,3034.3,3034.250000
1764336576763,3034.2,3034.3,3034.250000
1764336577015,3034.2,3034.3,3034.250000
1764336577265,3034.2,3034.3,3034.250000
1764336577515,3034.2,3034.3,3034.250000
1764336577766,3034.2,3034.3,3034.250000
1764336578020,3034.2,3034.3,3034.250000
1764336578275,3034.2,3034.3,3034.250000
1764336578526,3034.2,3034.3,3034.250000
1764336578781,3034.2,3034.3,3034.250000
1764336579046,3034.2,3034.3,3034.250000
1764336579298,3034.2,3034.3,3034.250000
1764336579557,3034.2,3034.3,3034.250000
1764336579811,3034.2,3034.3,3034.250000
1764336580062,3034.2,3034.3,3034.250000
1764336580318,3034.2,3034.3,3034.250000
1764336580570,3034.2,3034.3,3034.250000
1764336580820,3034.2,3034.3,3034.250000
1764336581071,3034.2,3034.3,3034.250000
1764336581331,3034.2,3034.3,3034.250000
1764336581582,3034.2,3034.3,3034.250000
1764336581841,3034.2,3034.3,3034.250000
1764336582091,3034.2,3034.3,3034.250000
1764336582347,3034.2,3034.3,3034.250000
1764336582598,3034.2,3034.3,3034.250000
1764336582849,3034.2,3034.3,3034.250000
1764336583100,3034.2,3034.3,3034.250000
1764336583351,3034.2,3034.3,3034.250000
1764336583605,3034.2,3034.3,3034.250000
1764336583863,3034.2,3034.3,3034.250000
1764336584123,3034.2,3034.3,3034.250000
1764336584377,3034.2,3034.3,3034.250000
1764336584628,3034.2,3034.3,3034.250000
1764336584881,3034.2,3034.3,3034.250000
1764336585131,3034.2,3034.3,3034.250000
1764336585384,3034.2,3034.3,3034.250000
1764336585642,3034.2,3034.3,3034.250000
1764336585898,3034.2,3034.3,3034.250000
1764336586150,3034.2,3034.3,3034.250000
1764336586404,3034.2,3034.3,3034.250000
1764336586657,3034.2,3034.3,3034.250000
1764336586907,3034.2,3034.3,3034.250000
1764336587157,3034.2,3034.3,3034.250000
1764336587407,3034.2,3034.3,3034.250000
1764336587657,3034.2,3034.3,3034.250000
1764336587914,3034.2,3034.3,3034.250000
1764336588164,3034.2,3034.3,3034.250000
1764336588424,3034.2,3034.3,3034.250000
1764336588682,3034.2,3034.3,3034.250000
1764336588933,3034.2,3034.3,3034.250000
1764336589183,3034.2,3034.3,3034.250000
1764336589433,3034.2,3034.3,3034.250000
1764336589683,3034.2,3034.3,3034.250000
1764336589942,3034.2,3034.3,3034.250000
1764336590193,3034.2,3034.3,3034.250000
1764336590452,3034.2,3034.3,3034.250000
1764336590704,3034.2,3034.3,3034.250000
1764336590956,3034.2,3034.3,3034.250000
1764336591211,3034.2,3034.3,3034.250000
1764336591463,3034.2,3034.3,3034.250000
1764336591713,3034.2,3034.3,3034.250000
1764336591963,3034.2,3034.3,3034.250000
1764336592213,3034.2,3034.3,3034.250000
1764336592463,3034.2,3034.3,3034.250000
1764336592720,3034.2,3034.3,3034.250000
1764336592972,3034.2,3034.3,3034.250000
1764336593223,3034.2,3034.3,3034.250000
1764336593483,3034.2,3034.3,3034.250000
1764336593733,3034.2,3034.3,3034.250000
1764336593983,3034.2,3034.3,3034.250000
1764336594239,3034.2,3034.3,3034.250000
1764336594493,3034.2,3034.3,3034.250000
1764336594744,3034.2,3034.3,3034.250000
1764336595002,3034.2,3034.3,3034.250000
1764336595252,3034.2,3034.3,3034.250000
1764336595504,3034.2,3034.3,3034.250000
1764336595757,3034.2,3034.3,3034.250000
1764336596015,3034.2,3034.3,3034.250000
1764336596265,3034.2,3034.3,3034.250000
1764336596529,3034.2,3034.3,3034.250000
1764336596780,3034.2,3034.3,3034.250000
1764336597034,3034.2,3034.3,3034.250000
1764336597284,3034.2,3034.3,3034.250000
1764336597537,3034.2,3034.3,3034.250000
1764336597804,3034.2,3034.3,3034.250000
1764336598054,3034.2,3034.3,3034.250000
1764336598311,3034.2,3034.3,3034.250000
1764336598562,3034.2,3034.3,3034.250000
1764336598816,3034.2,3034.3,3034.250000
1764336599066,3034.2,3034.3,3034.250000
1764336599320,3034.2,3034.3,3034.250000
1764336599571,3034.2,3034.3,3034.250000
1764336599830,3034.2,3034.3,3034.250000
1764336600090,3034.2,3034.3,3034.250000
1764336600341,3034.2,3034.3,3034.250000
1764336600591,3034.5,3034.6,3034.550000
1764336600841,3035.3,3035.4,3035.350000
1764336601092,3035.5,3035.6,3035.550000
1764336601342,3035.5,3035.6,3035.550000
1764336601592,3035.3,3035.4,3035.350000
1764336601842,3035.3,3035.4,3035.350000
1764336602092,3034.9,3035.0,3034.950000
1764336602343,3034.9,3035.0,3034.950000
1764336602593,3034.5,3034.6,3034.550000
1764336602844,3034.6,3034.7,3034.650000
1764336603102,3034.8,3034.9,3034.850000
1764336603353,3034.8,3034.9,3034.850000
1764336603603,3034.8,3034.9,3034.850000
1764336603854,3034.8,3034.9,3034.850000
1764336604105,3034.8,3034.9,3034.850000
1764336604356,3034.8,3034.9,3034.850000
1764336604613,3034.8,3034.9,3034.850000
1764336604863,3034.8,3034.9,3034.850000
1764336605113,3034.7,3034.8,3034.750000
1764336605364,3034.4,3034.5,3034.450000
1764336605614,3034.4,3034.5,3034.450000
1764336605864,3034.4,3034.5,3034.450000
1764336606114,3034.5,3034.6,3034.550000
1764336606364,3034.5,3034.6,3034.550000
1764336606614,3034.5,3034.6,3034.550000
1764336606866,3034.5,3034.6,3034.550000
1764336607117,3034.4,3034.5,3034.450000
1764336607368,3034.4,3034.5,3034.450000
1764336607618,3034.3,3034.4,3034.350000
1764336607868,3034.3,3034.4,3034.350000
1764336608121,3034.2,3034.3,3034.250000
1764336608373,3034.2,3034.3,3034.250000
1764336608623,3033.5,3033.6,3033.550000
1764336608874,3033.3,3033.4,3033.350000
1764336609125,3033.1,3033.2,3033.150000
1764336609376,3033.1,3033.2,3033.150000
1764336609626,3033.2,3033.3,3033.250000
1764336609877,3033.5,3033.6,3033.550000
1764336610128,3033.5,3033.6,3033.550000
1764336610380,3033.5,3033.6,3033.550000
1764336610633,3033.5,3033.6,3033.550000
1764336610883,3034.0,3034.1,3034.050000
1764336611133,3034.1,3034.2,3034.150000
1764336611384,3034.1,3034.2,3034.150000
1764336611634,3034.1,3034.2,3034.150000
1764336611884,3034.1,3034.2,3034.150000
1764336612134,3034.1,3034.2,3034.150000
1764336612389,3034.1,3034.2,3034.150000
1764336612639,3034.1,3034.2,3034.150000
1764336612890,3034.1,3034.2,3034.150000
1764336613140,3034.1,3034.2,3034.150000
1764336613392,3034.1,3034.2,3034.150000
1764336613642,3034.1,3034.2,3034.150000
1764336613894,3034.1,3034.2,3034.150000
1764336614145,3034.1,3034.2,3034.150000
1764336614397,3034.1,3034.2,3034.150000
1764336614647,3034.1,3034.2,3034.150000
1764336614897,3034.1,3034.2,3034.150000
1764336615148,3034.1,3034.2,3034.150000
1764336615407,3034.1,3034.2,3034.150000
1764336615657,3033.9,3034.0,3033.950000
1764336615907,3033.0,3033.1,3033.050000
1764336616157,3033.0,3033.1,3033.050000
1764336616408,3033.3,3033.4,3033.350000
1764336616658,3033.3,3033.4,3033.350000
1764336616908,3033.3,3033.4,3033.350000
1764336617159,3033.3,3033.4,3033.350000
1764336617411,3033.3,3033.4,3033.350000
1764336617661,3033.2,3033.3,3033.250000
1764336617911,3033.0,3033.1,3033.050000
1764336618161,3032.7,3032.8,3032.750000
1764336618411,3033.1,3033.2,3033.150000
1764336618661,3033.5,3033.6,3033.550000
1764336618911,3033.7,3033.8,3033.750000
1764336619161,3033.7,3033.8,3033.750000
1764336619412,3033.7,3033.8,3033.750000
1764336619663,3033.7,3033.8,3033.750000
1764336619913,3033.8,3033.9,3033.850000
1764336620163,3034.5,3034.6,3034.550000
1764336620413,3035.0,3035.1,3035.050000
1764336620665,3035.0,3035.1,3035.050000
1764336620915,3035.0,3035.1,3035.050000
1764336621165,3035.0,3035.1,3035.050000
1764336621416,3035.0,3035.1,3035.050000
1764336621667,3035.0,3035.1,3035.050000
1764336621917,3034.7,3034.8,3034.750000
1764336622168,3034.5,3034.6,3034.550000
1764336622421,3034.5,3034.6,3034.550000
1764336622671,3034.5,3034.6,3034.550000
1764336622921,3034.5,3034.6,3034.550000
1764336623171,3034.5,3034.6,3034.550000
1764336623422,3035.0,3035.1,3035.050000
1764336623672,3035.0,3035.1,3035.050000
1764336623922,3034.6,3034.7,3034.650000
1764336624172,3034.6,3034.7,3034.650000
1764336624424,3034.6,3034.7,3034.650000
1764336624675,3034.6,3034.7,3034.650000
1764336624926,3034.6,3034.7,3034.650000
1764336625176,3034.6,3034.7,3034.650000
1764336625426,3034.6,3034.7,3034.650000
1764336625678,3034.6,3034.7,3034.650000
1764336625932,3034.6,3034.7,3034.650000
1764336626182,3034.6,3034.7,3034.650000
1764336626432,3034.5,3034.6,3034.550000
1764336626683,3034.5,3034.6,3034.550000
1764336626934,3034.5,3034.6,3034.550000
1764336627184,3034.5,3034.6,3034.550000
1764336627436,3034.5,3034.6,3034.550000
1764336627688,3034.2,3034.3,3034.250000
1764336627941,3034.2,3034.3,3034.250000
1764336628191,3034.2,3034.3,3034.250000
1764336628442,3034.2,3034.3,3034.250000
1764336628692,3034.2,3034.3,3034.250000
1764336628942,3034.2,3034.3,3034.250000
1764336629193,3034.2,3034.3,3034.250000
1764336629445,3034.2,3034.3,3034.250000
1764336629696,3034.3,3034.4,3034.350000
1764336629946,3034.3,3034.4,3034.350000
1764336630197,3034.5,3034.6,3034.550000
1764336630449,3034.5,3034.6,3034.550000
1764336630700,3034.5,3034.6,3034.550000
1764336630956,3034.5,3034.6,3034.550000
1764336631206,3034.5,3034.6,3034.550000
1764336631458,3034.5,3034.6,3034.550000
1764336631710,3034.5,3034.6,3034.550000
1764336631960,3034.5,3034.6,3034.550000
1764336632213,3034.5,3034.6,3034.550000
1764336632464,3034.5,3034.6,3034.550000
1764336632715,3034.5,3034.6,3034.550000
1764336632965,3034.5,3034.6,3034.550000
1764336633215,3034.5,3034.6,3034.550000
1764336633465,3034.5,3034.6,3034.550000
1764336633717,3034.5,3034.6,3034.550000
1764336633967,3034.5,3034.6,3034.550000
1764336634222,3034.5,3034.6,3034.550000
1764336634472,3034.5,3034.6,3034.550000
1764336634722,3034.5,3034.6,3034.550000
1764336634973,3034.5,3034.6,3034.550000
1764336635223,3034.5,3034.6,3034.550000
1764336635473,3034.5,3034.6,3034.550000
1764336635729,3034.5,3034.6,3034.550000
1764336635981,3034.5,3034.6,3034.550000
1764336636233,3034.5,3034.6,3034.550000
1764336636483,3034.5,3034.6,3034.550000
1764336636733,3034.9,3035.0,3034.950000
1764336636983,3034.9,3035.0,3034.950000
1764336637233,3034.9,3035.0,3034.950000
1764336637484,3034.9,3035.0,3034.950000
1764336637735,3034.9,3035.0,3034.950000
1764336637986,3034.9,3035.0,3034.950000
1764336638237,3034.9,3035.0,3034.950000
1764336638493,3034.9,3035.0,3034.950000
1764336638743,3034.9,3035.0,3034.950000
1764336638995,3034.9,3035.0,3034.950000
1764336639245,3035.1,3035.2,3035.150000
1764336639495,3035.1,3035.2,3035.150000
1764336639746,3035.1,3035.2,3035.150000
1764336639998,3035.1,3035.2,3035.150000
1764336640248,3035.1,3035.2,3035.150000
1764336640499,3035.1,3035.2,3035.150000
1764336640753,3035.1,3035.2,3035.150000
1764336641003,3035.1,3035.2,3035.150000
1764336641253,3035.1,3035.2,3035.150000
1764336641503,3035.3,3035.4,3035.350000
1764336641753,3035.6,3035.7,3035.650000
1764336642005,3035.6,3035.7,3035.650000
1764336642255,3035.6,3035.7,3035.650000
1764336642507,3035.6,3035.7,3035.650000
1764336642759,3035.6,3035.7,3035.650000
1764336643009,3035.6,3035.7,3035.650000
1764336643259,3035.6,3035.7,3035.650000
1764336643512,3035.7,3035.8,3035.750000
1764336643762,3035.7,3035.8,3035.750000
1764336644012,3035.7,3035.8,3035.750000
1764336644262,3035.7,3035.8,3035.750000
1764336644512,3035.8,3035.9,3035.850000
1764336644762,3035.8,3035.9,3035.850000
1764336645012,3035.8,3035.9,3035.850000
1764336645262,3035.8,3035.9,3035.850000
1764336645512,3035.8,3035.9,3035.850000
1764336645762,3035.8,3035.9,3035.850000
1764336646020,3035.8,3035.9,3035.850000
1764336646271,3035.8,3035.9,3035.850000
1764336646522,3035.8,3035.9,3035.850000
1764336646773,3035.8,3035.9,3035.850000
1764336647032,3035.8,3035.9,3035.850000
1764336647287,3035.8,3035.9,3035.850000
1764336647538,3035.8,3035.9,3035.850000
1764336647791,3035.8,3035.9,3035.850000
1764336648041,3035.8,3035.9,3035.850000
1764336648297,3035.8,3035.9,3035.850000
1764336648549,3035.8,3035.9,3035.850000
1764336648800,3035.8,3035.9,3035.850000
1764336649052,3035.8,3035.9,3035.850000
1764336649302,3035.8,3035.9,3035.850000
1764336649555,3035.8,3035.9,3035.850000
1764336649805,3035.8,3035.9,3035.850000
1764336650056,3035.8,3035.9,3035.850000
1764336650306,3035.8,3035.9,3035.850000
1764336650561,3035.8,3035.9,3035.850000
1764336650814,3035.8,3035.9,3035.850000
1764336651064,3035.8,3035.9,3035.850000
1764336651316,3035.8,3035.9,3035.850000
1764336651566,3035.8,3035.9,3035.850000
1764336651817,3035.8,3035.9,3035.850000
1764336652067,3035.8,3035.9,3035.850000
1764336652317,3035.8,3035.9,3035.850000
1764336652568,3035.6,3035.7,3035.650000
1764336652818,3035.6,3035.7,3035.650000
1764336653069,3035.5,3035.6,3035.550000
1764336653320,3035.5,3035.6,3035.550000
1764336653570,3035.5,3035.6,3035.550000
1764336653823,3035.5,3035.6,3035.550000
1764336654075,3035.5,3035.6,3035.550000
1764336654331,3035.5,3035.6,3035.550000
1764336654582,3035.5,3035.6,3035.550000
1764336654836,3035.5,3035.6,3035.550000
1764336655086,3035.5,3035.6,3035.550000
1764336655339,3035.5,3035.6,3035.550000
1764336655589,3035.7,3035.8,3035.750000
1764336655839,3035.7,3035.8,3035.750000
1764336656089,3035.7,3035.8,3035.750000
1764336656339,3035.7,3035.8,3035.750000
1764336656589,3035.7,3035.8,3035.750000
1764336656839,3035.7,3035.8,3035.750000
1764336657093,3035.7,3035.8,3035.750000
1764336657346,3035.7,3035.8,3035.750000
1764336657598,3035.7,3035.8,3035.750000
1764336657848,3035.8,3035.9,3035.850000
1764336658098,3035.8,3035.9,3035.850000
1764336658353,3035.8,3035.9,3035.850000
1764336658603,3035.8,3035.9,3035.850000
1764336658861,3035.8,3035.9,3035.850000
1764336659119,3035.8,3035.9,3035.850000
1764336659369,3035.8,3035.9,3035.850000
1764336659623,3035.8,3035.9,3035.850000
1764336659875,3035.8,3035.9,3035.850000
1764336660125,3035.8,3035.9,3035.850000
1764336660375,3035.8,3035.9,3035.850000
1764336660635,3035.8,3035.9,3035.850000
1764336660891,3035.8,3035.9,3035.850000
1764336661145,3035.8,3035.9,3035.850000
1764336661395,3035.8,3035.9,3035.850000
1764336661656,3035.8,3035.9,3035.850000
1764336661917,3035.8,3035.9,3035.850000
1764336662168,3035.8,3035.9,3035.850000
1764336662422,3035.8,3035.9,3035.850000
1764336662673,3035.8,3035.9,3035.850000
1764336662925,3035.8,3035.9,3035.850000
1764336663176,3035.8,3035.9,3035.850000
1764336663427,3035.8,3035.9,3035.850000
1764336663678,3035.8,3035.9,3035.850000
1764336663928,3035.8,3035.9,3035.850000
1764336664178,3035.8,3035.9,3035.850000
1764336664430,3035.8,3035.9,3035.850000
1764336664680,3035.8,3035.9,3035.850000
1764336664931,3035.8,3035.9,3035.850000
1764336665181,3035.8,3035.9,3035.850000
1764336665433,3035.8,3035.9,3035.850000
1764336665684,3035.8,3035.9,3035.850000
1764336665936,3035.8,3035.9,3035.850000
1764336666186,3035.8,3035.9,3035.850000
1764336666436,3035.8,3035.9,3035.850000
1764336666689,3035.8,3035.9,3035.850000
1764336666939,3035.8,3035.9,3035.850000
1764336667190,3035.8,3035.9,3035.850000
1764336667441,3035.9,3036.0,3035.950000
1764336667691,3035.9,3036.0,3035.950000
1764336667943,3035.9,3036.0,3035.950000
1764336668194,3035.9,3036.0,3035.950000
1764336668445,3035.9,3036.0,3035.950000
1764336668696,3035.9,3036.0,3035.950000
1764336668956,3035.9,3036.0,3035.950000
1764336669207,3035.9,3036.0,3035.950000
1764336669457,3035.9,3036.0,3035.950000
1764336669707,3035.9,3036.0,3035.950000
1764336669957,3035.9,3036.0,3035.950000
1764336670216,3035.9,3036.0,3035.950000
1764336670467,3035.9,3036.0,3035.950000
1764336670717,3035.9,3036.0,3035.950000
1764336670967,3035.9,3036.0,3035.950000
1764336671219,3036.0,3036.1,3036.050000
1764336671470,3036.0,3036.1,3036.050000
1764336671721,3036.0,3036.1,3036.050000
1764336671972,3036.3,3036.4,3036.350000
1764336672222,3036.7,3036.8,3036.750000
1764336672472,3036.7,3036.8,3036.750000
1764336672723,3036.7,3036.8,3036.750000
1764336672973,3036.7,3036.8,3036.750000
1764336673230,3036.7,3036.8,3036.750000
1764336673480,3036.8,3036.9,3036.850000
1764336673730,3036.8,3037.2,3037.000000
1764336673981,3037.1,3037.2,3037.150000
1764336674235,3037.1,3037.2,3037.150000
1764336674485,3037.1,3037.2,3037.150000
1764336674735,3037.1,3037.2,3037.150000
1764336674993,3037.1,3037.2,3037.150000
1764336675246,3037.1,3037.2,3037.150000
1764336675496,3037.1,3037.2,3037.150000
1764336675749,3037.2,3037.3,3037.250000
1764336675999,3037.2,3037.3,3037.250000
1764336676252,3037.2,3037.3,3037.250000
1764336676502,3037.2,3037.3,3037.250000
1764336676753,3037.2,3037.3,3037.250000
1764336677003,3037.2,3037.3,3037.250000
1764336677253,3037.2,3037.3,3037.250000
1764336677506,3037.2,3037.3,3037.250000
1764336677756,3037.2,3037.3,3037.250000
1764336678007,3037.2,3037.3,3037.250000
1764336678260,3037.2,3037.3,3037.250000
1764336678510,3037.2,3037.3,3037.250000
1764336678763,3037.2,3037.3,3037.250000
1764336679018,3037.2,3037.3,3037.250000
1764336679269,3037.2,3037.3,3037.250000
1764336679519,3037.2,3037.3,3037.250000
1764336679769,3037.2,3037.3,3037.250000
1764336680019,3037.2,3037.3,3037.250000
1764336680269,3037.2,3037.3,3037.250000
1764336680519,3037.2,3037.3,3037.250000
1764336680769,3037.2,3037.3,3037.250000
1764336681019,3037.2,3037.3,3037.250000
1764336681269,3037.2,3037.3,3037.250000
1764336681520,3037.4,3037.5,3037.450000
1764336681770,3037.4,3037.5,3037.450000
1764336682020,3037.4,3037.5,3037.450000
1764336682270,3037.4,3037.5,3037.450000
1764336682520,3037.4,3037.5,3037.450000
1764336682770,3037.4,3037.5,3037.450000
1764336683020,3037.4,3037.5,3037.450000
1764336683271,3037.4,3037.5,3037.450000
1764336683521,3037.4,3037.5,3037.450000
1764336683771,3037.6,3037.7,3037.650000
1764336684022,3037.6,3037.7,3037.650000
1764336684274,3037.6,3037.7,3037.650000
1764336684524,3037.6,3037.7,3037.650000
1764336684780,3037.6,3037.7,3037.650000
1764336685031,3037.6,3037.7,3037.650000
1764336685281,3037.6,3037.7,3037.650000
1764336685531,3037.6,3037.7,3037.650000
1764336685781,3037.6,3037.7,3037.650000
1764336686033,3037.6,3037.7,3037.650000
1764336686283,3037.6,3037.7,3037.650000
1764336686538,3037.6,3037.7,3037.650000
1764336686792,3037.6,3037.7,3037.650000
1764336687043,3037.6,3037.7,3037.650000
1764336687293,3037.6,3037.7,3037.650000
1764336687544,3037.6,3037.7,3037.650000
1764336687794,3037.6,3037.7,3037.650000
1764336688044,3037.6,3037.7,3037.650000
1764336688296,3037.6,3037.7,3037.650000
1764336688555,3037.6,3037.7,3037.650000
1764336688806,3037.6,3037.7,3037.650000
1764336689057,3037.6,3037.7,3037.650000
1764336689308,3037.5,3037.6,3037.550000
1764336689558,3037.0,3037.1,3037.050000
1764336689812,3037.0,3037.1,3037.050000
1764336690063,3037.0,3037.1,3037.050000
1764336690317,3037.0,3037.1,3037.050000
1764336690567,3037.0,3037.1,3037.050000
1764336690826,3037.0,3037.1,3037.050000
1764336691077,3037.0,3037.1,3037.050000
1764336691327,3037.0,3037.1,3037.050000
1764336691578,3037.0,3037.1,3037.050000
1764336691841,3037.0,3037.1,3037.050000
1764336692100,3037.0,3037.1,3037.050000
1764336692352,3037.0,3037.1,3037.050000
1764336692603,3036.8,3036.9,3036.850000
1764336692853,3036.6,3036.7,3036.650000
1764336693103,3036.5,3036.6,3036.550000
1764336693354,3036.5,3036.6,3036.550000
1764336693612,3036.5,3036.6,3036.550000
1764336693864,3036.5,3036.6,3036.550000
1764336694114,3036.5,3036.6,3036.550000
1764336694365,3036.5,3036.6,3036.550000
1764336694617,3036.5,3036.6,3036.550000
1764336694867,3036.6,3036.7,3036.650000
1764336695117,3036.6,3036.7,3036.650000
1764336695367,3036.7,3036.8,3036.750000
1764336695617,3037.3,3037.4,3037.350000
1764336695867,3037.3,3037.4,3037.350000
1764336696119,3037.3,3037.4,3037.350000
1764336696369,3037.3,3037.4,3037.350000
1764336696620,3037.3,3037.4,3037.350000
1764336696871,3037.3,3037.4,3037.350000
1764336697125,3037.3,3037.4,3037.350000
1764336697376,3037.3,3037.4,3037.350000
1764336697644,3037.3,3037.4,3037.350000
1764336697894,3037.3,3037.4,3037.350000
1764336698145,3037.3,3037.4,3037.350000
1764336698397,3037.3,3037.4,3037.350000
1764336698657,3037.3,3037.4,3037.350000
1764336698908,3037.3,3037.4,3037.350000
1764336699159,3037.3,3037.4,3037.350000
1764336699411,3037.3,3037.4,3037.350000
1764336699661,3037.3,3037.4,3037.350000
1764336699911,3037.3,3037.4,3037.350000
1764336700161,3037.3,3037.4,3037.350000
1764336700411,3037.3,3037.4,3037.350000
1764336700661,3037.3,3037.4,3037.350000
1764336700911,3037.3,3037.4,3037.350000
1764336701162,3037.3,3037.4,3037.350000
1764336701413,3037.3,3037.4,3037.350000
1764336701663,3037.3,3037.4,3037.350000
1764336701914,3037.3,3037.4,3037.350000
1764336702164,3037.3,3037.4,3037.350000
1764336702414,3037.3,3037.4,3037.350000
1764336702664,3037.5,3037.6,3037.550000
1764336702917,3037.5,3037.6,3037.550000
1764336703167,3037.5,3037.6,3037.550000
1764336703418,3037.5,3037.6,3037.550000
1764336703670,3037.5,3037.6,3037.550000
1764336703920,3037.5,3037.6,3037.550000
1764336704170,3037.5,3037.6,3037.550000
1764336704420,3037.5,3037.6,3037.550000
1764336704670,3037.5,3037.6,3037.550000
1764336704920,3037.5,3037.6,3037.550000
1764336705171,3037.5,3037.6,3037.550000
1764336705424,3037.5,3037.6,3037.550000
1764336705676,3037.4,3037.5,3037.450000
1764336705927,3037.3,3037.4,3037.350000
1764336706177,3037.3,3037.4,3037.350000
1764336706427,3037.3,3037.4,3037.350000
1764336706678,3037.3,3037.4,3037.350000
1764336706934,3037.3,3037.4,3037.350000
1764336707184,3037.3,3037.4,3037.350000
1764336707434,3037.3,3037.4,3037.350000
1764336707686,3037.3,3037.4,3037.350000
1764336707938,3037.3,3037.4,3037.350000
1764336708190,3037.3,3037.4,3037.350000
1764336708444,3037.3,3037.4,3037.350000
1764336708695,3037.3,3037.4,3037.350000
1764336708946,3037.3,3037.4,3037.350000
1764336709196,3037.3,3037.4,3037.350000
1764336709448,3037.1,3037.2,3037.150000
1764336709698,3037.1,3037.2,3037.150000
1764336709948,3037.1,3037.2,3037.150000
1764336710198,3037.1,3037.2,3037.150000
1764336710448,3037.1,3037.2,3037.150000
1764336710698,3037.1,3037.2,3037.150000
1764336710953,3037.1,3037.2,3037.150000
1764336711206,3037.1,3037.2,3037.150000
1764336711456,3037.1,3037.2,3037.150000
1764336711710,3037.1,3037.2,3037.150000
1764336711960,3037.1,3037.2,3037.150000
1764336712219,3037.1,3037.2,3037.150000
1764336712469,3037.1,3037.2,3037.150000
1764336712719,3037.1,3037.2,3037.150000
1764336712969,3037.1,3037.2,3037.150000
1764336713222,3037.1,3037.2,3037.150000
1764336713477,3037.1,3037.2,3037.150000
1764336713728,3037.1,3037.2,3037.150000
1764336713983,3037.1,3037.2,3037.150000
1764336714234,3037.1,3037.2,3037.150000
1764336714484,3037.1,3037.2,3037.150000
1764336714740,3037.1,3037.2,3037.150000
1764336714990,3037.1,3037.2,3037.150000
1764336715241,3037.1,3037.2,3037.150000
1764336715491,3037.1,3037.2,3037.150000
1764336715741,3037.1,3037.2,3037.150000
1764336715995,3037.1,3037.2,3037.150000
1764336716245,3037.1,3037.2,3037.150000
1764336716501,3037.1,3037.2,3037.150000
1764336716751,3037.1,3037.2,3037.150000
1764336717004,3037.1,3037.2,3037.150000
1764336717259,3037.1,3037.2,3037.150000
1764336717512,3037.1,3037.2,3037.150000
1764336717765,3037.1,3037.2,3037.150000
1764336718018,3037.1,3037.2,3037.150000
1764336718268,3037.1,3037.2,3037.150000
1764336718521,3037.1,3037.2,3037.150000
1764336718771,3037.1,3037.2,3037.150000
1764336719023,3037.1,3037.2,3037.150000
1764336719273,3037.1,3037.2,3037.150000
1764336719531,3037.1,3037.2,3037.150000
1764336719782,3037.1,3037.2,3037.150000
1764336720033,3037.1,3037.2,3037.150000
1764336720283,3037.1,3037.2,3037.150000
1764336720541,3037.1,3037.2,3037.150000
1764336720791,3037.1,3037.2,3037.150000
1764336721041,3037.1,3037.2,3037.150000
1764336721291,3037.1,3037.2,3037.150000
1764336721546,3037.1,3037.2,3037.150000
1764336721797,3037.1,3037.2,3037.150000
1764336722056,3037.1,3037.2,3037.150000
1764336722315,3037.1,3037.2,3037.150000
1764336722565,3037.1,3037.2,3037.150000
1764336722816,3037.1,3037.2,3037.150000
1764336723066,3036.7,3036.8,3036.750000
1764336723321,3036.7,3036.8,3036.750000
1764336723571,3036.7,3036.8,3036.750000
1764336723821,3036.7,3036.8,3036.750000
1764336724082,3036.7,3036.8,3036.750000
1764336724334,3036.7,3036.8,3036.750000
1764336724584,3036.7,3036.8,3036.750000
1764336724837,3036.7,3036.8,3036.750000
1764336725088,3036.7,3036.8,3036.750000
1764336725338,3036.7,3036.8,3036.750000
1764336725588,3036.7,3036.8,3036.750000
1764336725841,3036.8,3036.9,3036.850000
1764336726091,3036.8,3036.9,3036.850000
1764336726341,3036.8,3036.9,3036.850000
1764336726593,3036.8,3036.9,3036.850000
1764336726844,3036.8,3036.9,3036.850000
1764336727099,3036.8,3036.9,3036.850000
1764336727352,3036.8,3036.9,3036.850000
1764336727603,3036.8,3036.9,3036.850000
1764336727854,3036.8,3036.9,3036.850000
1764336728104,3037.3,3037.4,3037.350000
1764336728354,3037.6,3037.7,3037.650000
1764336728604,3037.6,3037.7,3037.650000
1764336728854,3037.6,3037.7,3037.650000
1764336729104,3037.6,3037.7,3037.650000
1764336729354,3037.6,3037.7,3037.650000
1764336729608,3037.6,3037.7,3037.650000
1764336729859,3037.6,3037.7,3037.650000
1764336730109,3037.6,3037.7,3037.650000
1764336730360,3037.6,3037.7,3037.650000
1764336730613,3037.6,3037.7,3037.650000
1764336730866,3037.6,3037.7,3037.650000
1764336731116,3037.6,3037.7,3037.650000
1764336731366,3037.6,3037.7,3037.650000
1764336731616,3037.6,3037.7,3037.650000
1764336731867,3037.6,3037.7,3037.650000
1764336732117,3037.7,3037.8,3037.750000
1764336732370,3037.7,3037.8,3037.750000
1764336732622,3037.7,3037.8,3037.750000
1764336732873,3037.7,3037.8,3037.750000
1764336733126,3037.7,3037.8,3037.750000
1764336733378,3037.7,3037.8,3037.750000
1764336733628,3037.7,3037.8,3037.750000
1764336733878,3037.7,3037.8,3037.750000
1764336734131,3037.7,3037.8,3037.750000
1764336734385,3037.7,3037.8,3037.750000
1764336734636,3037.7,3037.8,3037.750000
1764336734889,3037.7,3037.8,3037.750000
1764336735139,3037.7,3037.8,3037.750000
1764336735389,3037.9,3038.0,3037.950000
1764336735641,3038.7,3038.8,3038.750000
1764336735892,3038.7,3038.8,3038.750000
1764336736142,3038.7,3038.8,3038.750000
1764336736395,3038.9,3039.0,3038.950000
1764336736645,3038.9,3039.0,3038.950000
1764336736895,3038.9,3039.0,3038.950000
1764336737148,3038.9,3039.0,3038.950000
1764336737399,3038.9,3039.0,3038.950000
1764336737652,3038.9,3039.0,3038.950000
1764336737902,3038.6,3038.7,3038.650000
1764336738152,3038.6,3038.7,3038.650000
1764336738402,3038.6,3038.7,3038.650000
1764336738654,3038.6,3038.7,3038.650000
1764336738904,3038.6,3038.7,3038.650000
1764336739161,3038.6,3038.7,3038.650000
1764336739414,3038.6,3038.7,3038.650000
1764336739665,3038.6,3038.7,3038.650000
1764336739918,3038.6,3038.7,3038.650000
1764336740168,3038.6,3038.7,3038.650000
1764336740430,3038.6,3038.7,3038.650000
1764336740681,3038.6,3038.7,3038.650000
1764336740931,3038.6,3038.7,3038.650000
1764336741182,3038.6,3038.7,3038.650000
1764336741434,3038.6,3038.7,3038.650000
1764336741685,3038.6,3038.7,3038.650000
1764336741939,3038.6,3038.7,3038.650000
1764336742189,3038.6,3038.7,3038.650000
1764336742443,3038.6,3038.7,3038.650000
1764336742701,3038.6,3038.7,3038.650000
1764336742957,3038.6,3038.7,3038.650000
1764336743208,3038.3,3038.4,3038.350000
1764336743459,3038.3,3038.4,3038.350000
1764336743710,3038.3,3038.4,3038.350000
1764336743960,3038.3,3038.4,3038.350000
1764336744212,3038.3,3038.4,3038.350000
1764336744462,3038.1,3038.2,3038.150000
1764336744712,3037.9,3038.0,3037.950000
1764336744964,3037.9,3038.0,3037.950000
1764336745217,3037.9,3038.0,3037.950000
1764336745467,3037.9,3038.0,3037.950000
1764336745718,3037.9,3038.0,3037.950000
1764336745968,3037.9,3038.0,3037.950000
1764336746220,3037.9,3038.0,3037.950000
1764336746470,3037.9,3038.0,3037.950000
1764336746720,3037.9,3038.0,3037.950000
1764336746970,3038.0,3038.1,3038.050000
1764336747224,3038.0,3038.1,3038.050000
1764336747474,3038.0,3038.1,3038.050000
1764336747729,3038.0,3038.1,3038.050000
1764336747981,3038.0,3038.1,3038.050000
1764336748232,3038.0,3038.1,3038.050000
1764336748483,3038.0,3038.1,3038.050000
1764336748734,3038.0,3038.1,3038.050000
1764336748984,3038.3,3038.4,3038.350000
1764336749234,3038.3,3038.4,3038.350000
1764336749484,3038.5,3038.6,3038.550000
1764336749734,3038.7,3038.8,3038.750000
1764336749984,3038.7,3038.8,3038.750000
1764336750234,3038.7,3038.8,3038.750000
1764336750485,3038.7,3038.8,3038.750000
1764336750735,3038.7,3038.8,3038.750000
1764336750985,3038.7,3038.8,3038.750000
1764336751236,3038.7,3038.8,3038.750000
1764336751486,3038.7,3038.8,3038.750000
1764336751738,3038.7,3038.8,3038.750000
1764336751989,3038.7,3038.8,3038.750000
1764336752239,3038.7,3038.8,3038.750000
1764336752491,3038.7,3038.8,3038.750000
1764336752745,3038.7,3038.8,3038.750000
1764336753001,3038.7,3038.8,3038.750000
1764336753256,3038.7,3038.8,3038.750000
1764336753511,3038.7,3038.8,3038.750000
1764336753762,3038.7,3038.8,3038.750000
1764336754020,3038.7,3038.8,3038.750000
1764336754270,3038.7,3038.8,3038.750000
1764336754521,3038.7,3038.8,3038.750000
1764336754771,3038.7,3038.8,3038.750000
1764336755021,3038.7,3038.8,3038.750000
1764336755271,3038.7,3038.8,3038.750000
1764336755525,3038.7,3038.8,3038.750000
1764336755777,3038.7,3038.8,3038.750000
1764336756037,3038.7,3038.8,3038.750000
1764336756287,3038.7,3038.8,3038.750000
1764336756540,3038.7,3038.8,3038.750000
1764336756792,3038.4,3038.5,3038.450000
1764336757045,3038.4,3038.5,3038.450000
1764336757301,3038.4,3038.5,3038.450000
1764336757551,3038.4,3038.5,3038.450000
1764336757805,3038.4,3038.5,3038.450000
1764336758060,3038.4,3038.5,3038.450000
1764336758314,3038.4,3038.5,3038.450000
1764336758564,3038.4,3038.5,3038.450000
1764336758815,3038.4,3038.5,3038.450000
1764336759065,3038.4,3038.5,3038.450000
1764336759317,3038.4,3038.5,3038.450000
1764336759567,3038.4,3038.5,3038.450000
1764336759819,3038.4,3038.5,3038.450000
1764336760069,3038.4,3038.5,3038.450000
1764336760319,3038.4,3038.5,3038.450000
1764336760569,3038.4,3038.5,3038.450000
1764336760819,3038.4,3038.5,3038.450000
1764336761069,3038.5,3038.6,3038.550000
1764336761319,3038.8,3038.9,3038.850000
1764336761570,3038.8,3038.9,3038.850000
1764336761820,3038.8,3038.9,3038.850000
1764336762071,3038.8,3038.9,3038.850000
1764336762321,3038.8,3038.9,3038.850000
1764336762573,3038.8,3038.9,3038.850000
1764336762828,3038.8,3038.9,3038.850000
1764336763078,3038.8,3038.9,3038.850000
1764336763332,3038.8,3038.9,3038.850000
1764336763582,3038.8,3038.9,3038.850000
1764336763835,3038.8,3038.9,3038.850000
1764336764087,3038.8,3038.9,3038.850000
1764336764341,3038.8,3038.9,3038.850000
1764336764592,3038.8,3038.9,3038.850000
1764336764843,3038.8,3038.9,3038.850000
1764336765093,3038.8,3038.9,3038.850000
1764336765345,3038.8,3038.9,3038.850000
1764336765595,3038.8,3038.9,3038.850000
1764336765852,3038.8,3038.9,3038.850000
1764336766103,3038.8,3038.9,3038.850000
1764336766355,3038.8,3038.9,3038.850000
1764336766605,3038.8,3038.9,3038.850000
1764336766855,3038.8,3038.9,3038.850000
1764336767105,3038.8,3038.9,3038.850000
1764336767355,3038.8,3038.9,3038.850000
1764336767609,3038.8,3038.9,3038.850000
1764336767860,3038.8,3038.9,3038.850000
1764336768115,3038.8,3038.9,3038.850000
1764336768365,3038.8,3038.9,3038.850000
1764336768615,3038.8,3038.9,3038.850000
1764336768866,3038.8,3038.9,3038.850000
1764336769120,3038.8,3038.9,3038.850000
1764336769370,3038.8,3038.9,3038.850000
1764336769620,3038.8,3038.9,3038.850000
1764336769870,3038.8,3038.9,3038.850000
1764336770121,3038.8,3038.9,3038.850000
1764336770373,3038.8,3038.9,3038.850000
1764336770627,3038.8,3038.9,3038.850000
1764336770880,3038.8,3038.9,3038.850000
1764336771130,3038.8,3038.9,3038.850000
1764336771381,3038.8,3038.9,3038.850000
1764336771632,3038.8,3038.9,3038.850000
1764336771886,3038.8,3038.9,3038.850000
1764336772138,3038.8,3038.9,3038.850000
1764336772389,3038.8,3038.9,3038.850000
1764336772642,3039.0,3039.1,3039.050000
1764336772892,3039.0,3039.1,3039.050000
1764336773142,3039.0,3039.1,3039.050000
1764336773392,3039.0,3039.1,3039.050000
1764336773642,3038.9,3039.0,3038.950000
1764336773892,3038.9,3039.0,3038.950000
1764336774142,3038.8,3038.9,3038.850000
1764336774393,3038.5,3038.6,3038.550000
1764336774643,3038.5,3038.6,3038.550000
1764336774894,3038.5,3038.6,3038.550000
1764336775144,3038.5,3038.6,3038.550000
1764336775402,3038.5,3038.6,3038.550000
1764336775663,3038.5,3038.6,3038.550000
1764336775913,3038.5,3038.6,3038.550000
1764336776165,3038.5,3038.6,3038.550000
1764336776415,3038.5,3038.6,3038.550000
1764336776665,3038.5,3038.6,3038.550000
1764336776920,3038.5,3038.6,3038.550000
1764336777170,3038.5,3038.6,3038.550000
1764336777421,3038.5,3038.6,3038.550000
1764336777671,3038.5,3038.6,3038.550000
1764336777923,3038.5,3038.6,3038.550000
1764336778180,3038.5,3038.6,3038.550000
1764336778430,3038.5,3038.6,3038.550000
1764336778682,3038.5,3038.6,3038.550000
1764336778935,3038.5,3038.6,3038.550000
1764336779187,3038.5,3038.6,3038.550000
1764336779448,3038.5,3038.6,3038.550000
1764336779706,3038.5,3038.6,3038.550000
1764336779959,3038.5,3038.6,3038.550000
1764336780210,3038.5,3038.6,3038.550000
1764336780460,3038.5,3038.6,3038.550000
1764336780710,3038.5,3038.6,3038.550000
1764336780960,3038.3,3038.4,3038.350000
1764336781211,3038.3,3038.4,3038.350000
1764336781462,3038.3,3038.4,3038.350000
1764336781713,3038.3,3038.4,3038.350000
1764336781964,3038.3,3038.4,3038.350000
1764336782218,3038.3,3038.4,3038.350000
1764336782468,3038.2,3038.3,3038.250000
1764336782718,3038.2,3038.3,3038.250000
1764336782968,3038.2,3038.3,3038.250000
1764336783219,3038.2,3038.3,3038.250000
1764336783469,3038.2,3038.3,3038.250000
1764336783719,3038.2,3038.3,3038.250000
1764336783969,3038.2,3038.3,3038.250000
1764336784220,3038.2,3038.3,3038.250000
1764336784474,3038.2,3038.3,3038.250000
1764336784725,3038.2,3038.3,3038.250000
1764336784981,3038.2,3038.3,3038.250000
1764336785234,3038.2,3038.3,3038.250000
1764336785486,3038.2,3038.3,3038.250000
1764336785739,3038.0,3038.1,3038.050000
1764336785989,3038.0,3038.1,3038.050000
1764336786239,3038.0,3038.1,3038.050000
1764336786489,3038.0,3038.1,3038.050000
1764336786744,3038.0,3038.1,3038.050000
1764336786998,3038.0,3038.1,3038.050000
1764336787248,3038.0,3038.1,3038.050000
1764336787498,3038.0,3038.1,3038.050000
1764336787751,3038.0,3038.1,3038.050000
1764336788001,3038.0,3038.1,3038.050000
1764336788251,3038.0,3038.1,3038.050000
1764336788502,3038.0,3038.1,3038.050000
1764336788752,3038.0,3038.1,3038.050000
1764336789002,3038.0,3038.1,3038.050000
1764336789253,3038.0,3038.1,3038.050000
1764336789509,3038.0,3038.1,3038.050000
1764336789763,3038.0,3038.1,3038.050000
1764336790017,3038.0,3038.1,3038.050000
1764336790267,3038.0,3038.1,3038.050000
1764336790520,3038.0,3038.1,3038.050000
1764336790772,3038.0,3038.1,3038.050000
1764336791023,3038.0,3038.1,3038.050000
1764336791273,3037.8,3038.1,3037.950000
1764336791523,3037.9,3038.0,3037.950000
1764336791774,3037.8,3037.9,3037.850000
1764336792025,3037.8,3037.9,3037.850000
1764336792276,3037.8,3037.9,3037.850000
1764336792526,3037.8,3037.9,3037.850000
1764336792790,3037.8,3037.9,3037.850000
1764336793044,3037.8,3037.9,3037.850000
1764336793294,3037.8,3037.9,3037.850000
1764336793554,3037.8,3037.9,3037.850000
1764336793804,3037.8,3037.9,3037.850000
1764336794056,3037.8,3037.9,3037.850000
1764336794307,3037.8,3037.9,3037.850000
1764336794558,3037.8,3037.9,3037.850000
1764336794808,3037.6,3037.7,3037.650000
1764336795058,3037.6,3037.7,3037.650000
1764336795309,3037.6,3037.7,3037.650000
1764336795559,3037.6,3037.7,3037.650000
1764336795812,3037.6,3037.7,3037.650000
1764336796062,3037.6,3037.7,3037.650000
1764336796313,3037.6,3037.7,3037.650000
1764336796563,3037.6,3037.7,3037.650000
1764336796818,3037.6,3037.7,3037.650000
1764336797069,3037.6,3037.7,3037.650000
1764336797329,3037.6,3037.7,3037.650000
1764336797582,3037.6,3037.7,3037.650000
1764336797833,3037.6,3037.7,3037.650000
1764336798083,3037.6,3037.7,3037.650000
1764336798337,3037.6,3037.7,3037.650000
1764336798597,3037.6,3037.7,3037.650000
1764336798850,3037.6,3037.7,3037.650000
1764336799103,3037.6,3037.7,3037.650000
1764336799359,3037.6,3037.7,3037.650000
1764336799612,3037.6,3037.7,3037.650000
1764336799862,3037.6,3037.7,3037.650000
1764336800113,3037.6,3037.7,3037.650000
1764336800363,3037.6,3037.7,3037.650000
1764336800615,3037.6,3037.7,3037.650000
1764336800865,3037.6,3037.7,3037.650000
1764336801117,3037.6,3037.7,3037.650000
1764336801367,3037.6,3037.7,3037.650000
1764336801617,3037.6,3037.7,3037.650000
1764336801868,3037.6,3037.7,3037.650000
1764336802118,3037.6,3037.7,3037.650000
1764336802368,3037.6,3037.7,3037.650000
1764336802620,3037.5,3037.6,3037.550000
1764336802870,3037.2,3037.3,3037.250000
1764336803120,3037.2,3037.3,3037.250000
1764336803370,3037.2,3037.3,3037.250000
1764336803620,3037.2,3037.3,3037.250000
1764336803870,3037.2,3037.3,3037.250000
1764336804120,3037.2,3037.3,3037.250000
1764336804370,3037.2,3037.3,3037.250000
1764336804620,3037.2,3037.3,3037.250000
1764336804870,3037.2,3037.3,3037.250000
1764336805120,3037.2,3037.3,3037.250000
1764336805371,3037.2,3037.3,3037.250000
1764336805621,3036.9,3037.0,3036.950000
1764336805871,3036.9,3037.0,3036.950000
1764336806122,3036.9,3037.0,3036.950000
1764336806372,3036.9,3037.0,3036.950000
1764336806624,3036.9,3037.0,3036.950000
1764336806874,3036.9,3037.0,3036.950000
1764336807136,3036.9,3037.0,3036.950000
1764336807386,3036.9,3037.0,3036.950000
1764336807637,3036.9,3037.0,3036.950000
1764336807888,3036.9,3037.0,3036.950000
1764336808138,3036.9,3037.0,3036.950000
1764336808390,3036.9,3037.0,3036.950000
1764336808641,3036.9,3037.0,3036.950000
1764336808895,3036.9,3037.0,3036.950000
1764336809145,3036.9,3037.0,3036.950000
1764336809395,3036.9,3037.0,3036.950000
1764336809656,3036.9,3037.0,3036.950000
1764336809908,3036.9,3037.0,3036.950000
1764336810158,3036.9,3037.0,3036.950000
1764336810410,3036.9,3037.0,3036.950000
1764336810660,3037.0,3037.1,3037.050000
1764336810910,3037.2,3037.3,3037.250000
1764336811160,3037.2,3037.3,3037.250000
1764336811410,3037.4,3037.5,3037.450000
1764336811660,3037.4,3037.5,3037.450000
1764336811910,3037.4,3037.5,3037.450000
1764336812160,3037.4,3037.5,3037.450000
1764336812418,3037.4,3037.5,3037.450000
1764336812670,3037.4,3037.5,3037.450000
1764336812921,3037.4,3037.5,3037.450000
1764336813171,3037.4,3037.5,3037.450000
1764336813421,3037.4,3037.5,3037.450000
1764336813671,3037.4,3037.5,3037.450000
1764336813926,3037.4,3037.5,3037.450000
1764336814176,3037.4,3037.5,3037.450000
1764336814426,3037.4,3037.5,3037.450000
1764336814676,3037.4,3037.5,3037.450000
1764336814927,3037.4,3037.5,3037.450000
1764336815177,3037.4,3037.5,3037.450000
1764336815429,3037.4,3037.5,3037.450000
1764336815690,3037.4,3037.5,3037.450000
1764336815942,3037.4,3037.5,3037.450000
1764336816194,3037.4,3037.5,3037.450000
1764336816446,3037.4,3037.5,3037.450000
1764336816700,3037.4,3037.5,3037.450000
1764336816953,3037.4,3037.5,3037.450000
1764336817211,3037.4,3037.5,3037.450000
1764336817461,3037.4,3037.5,3037.450000
1764336817711,3037.4,3037.5,3037.450000
1764336817962,3037.4,3037.5,3037.450000
1764336818212,3037.4,3037.5,3037.450000
1764336818462,3037.4,3037.5,3037.450000
1764336818712,3037.6,3037.7,3037.650000
1764336818963,3037.6,3037.7,3037.650000
1764336819214,3037.7,3037.8,3037.750000
1764336819464,3037.7,3037.8,3037.750000
1764336819719,3037.7,3037.8,3037.750000
1764336819970,3037.7,3037.8,3037.750000
1764336820220,3037.7,3037.8,3037.750000
1764336820470,3037.7,3037.8,3037.750000
1764336820720,3037.7,3037.8,3037.750000
1764336820970,3037.7,3037.8,3037.750000
1764336821225,3037.7,3037.8,3037.750000
1764336821481,3037.7,3037.8,3037.750000
1764336821736,3037.7,3037.8,3037.750000
1764336821986,3037.7,3037.8,3037.750000
1764336822236,3037.7,3037.8,3037.750000
1764336822487,3037.9,3038.0,3037.950000
1764336822737,3037.9,3038.0,3037.950000
1764336822988,3037.9,3038.0,3037.950000
1764336823238,3037.9,3038.0,3037.950000
1764336823488,3037.9,3038.0,3037.950000
1764336823738,3037.9,3038.0,3037.950000
1764336823991,3038.1,3038.2,3038.150000
1764336824257,3038.1,3038.2,3038.150000
1764336824510,3038.1,3038.2,3038.150000
1764336824762,3038.1,3038.2,3038.150000
1764336825015,3038.1,3038.2,3038.150000
1764336825267,3038.1,3038.2,3038.150000
1764336825517,3038.1,3038.2,3038.150000
1764336825768,3038.1,3038.2,3038.150000
1764336826018,3038.1,3038.2,3038.150000
1764336826269,3038.1,3038.2,3038.150000
1764336826526,3038.1,3038.2,3038.150000
1764336826776,3038.1,3038.2,3038.150000
1764336827027,3038.1,3038.2,3038.150000
1764336827277,3038.1,3038.2,3038.150000
1764336827529,3038.1,3038.2,3038.150000
1764336827781,3038.1,3038.2,3038.150000
1764336828036,3038.1,3038.2,3038.150000
1764336828291,3038.1,3038.2,3038.150000
1764336828543,3038.1,3038.2,3038.150000
1764336828793,3038.1,3038.2,3038.150000
1764336829051,3038.1,3038.2,3038.150000
1764336829309,3038.1,3038.2,3038.150000
1764336829562,3038.1,3038.2,3038.150000
1764336829812,3038.1,3038.2,3038.150000
1764336830063,3038.1,3038.2,3038.150000
1764336830313,3038.1,3038.2,3038.150000
1764336830563,3038.1,3038.2,3038.150000
1764336830814,3038.1,3038.2,3038.150000
1764336831064,3038.1,3038.2,3038.150000
1764336831320,3038.1,3038.2,3038.150000
1764336831570,3038.1,3038.2,3038.150000
1764336831820,3038.2,3038.3,3038.250000
1764336832070,3038.2,3038.3,3038.250000
1764336832322,3038.2,3038.3,3038.250000
1764336832572,3038.3,3038.4,3038.350000
1764336832822,3038.3,3038.4,3038.350000
1764336833072,3038.3,3038.4,3038.350000
1764336833325,3038.3,3038.4,3038.350000
1764336833585,3038.3,3038.4,3038.350000
1764336833835,3038.3,3038.4,3038.350000
1764336834086,3038.3,3038.4,3038.350000
1764336834337,3038.3,3038.4,3038.350000
1764336834597,3038.3,3038.4,3038.350000
1764336834851,3038.3,3038.4,3038.350000
1764336835113,3038.3,3038.4,3038.350000
1764336835364,3038.3,3038.4,3038.350000
1764336835621,3038.3,3038.4,3038.350000
1764336835872,3038.3,3038.4,3038.350000
1764336836122,3038.3,3038.4,3038.350000
1764336836372,3038.3,3038.4,3038.350000
1764336836628,3038.3,3038.4,3038.350000
1764336836878,3038.3,3038.4,3038.350000
1764336837128,3038.3,3038.4,3038.350000
1764336837378,3038.3,3038.4,3038.350000
1764336837633,3038.3,3038.4,3038.350000
1764336837891,3038.3,3038.4,3038.350000
1764336838148,3038.3,3038.4,3038.350000
1764336838402,3038.3,3038.4,3038.350000
1764336838655,3038.3,3038.4,3038.350000
1764336838906,3038.3,3038.4,3038.350000
1764336839158,3038.3,3038.4,3038.350000
1764336839409,3038.3,3038.4,3038.350000
1764336839659,3038.3,3038.4,3038.350000
1764336839911,3038.3,3038.4,3038.350000
1764336840162,3038.3,3038.4,3038.350000
1764336840412,3038.3,3038.4,3038.350000
1764336840663,3038.3,3038.4,3038.350000
1764336840913,3038.3,3038.4,3038.350000
1764336841163,3038.3,3038.4,3038.350000
1764336841417,3038.3,3038.4,3038.350000
1764336841667,3038.3,3038.4,3038.350000
1764336841917,3038.3,3038.4,3038.350000
1764336842167,3038.3,3038.4,3038.350000
1764336842420,3038.6,3038.7,3038.650000
1764336842670,3038.6,3038.7,3038.650000
1764336842922,3038.7,3038.8,3038.750000
1764336843172,3038.7,3038.8,3038.750000
1764336843425,3038.7,3038.8,3038.750000
1764336843675,3038.7,3038.8,3038.750000
1764336843936,3038.7,3038.8,3038.750000
1764336844193,3038.7,3038.8,3038.750000
1764336844448,3038.7,3038.8,3038.750000
1764336844703,3038.7,3038.8,3038.750000
1764336844954,3038.7,3038.8,3038.750000
1764336845204,3038.7,3038.8,3038.750000
1764336845454,3038.7,3038.8,3038.750000
1764336845706,3038.7,3038.8,3038.750000
1764336845957,3038.7,3038.8,3038.750000
1764336846208,3038.7,3038.8,3038.750000
1764336846462,3038.7,3038.8,3038.750000
1764336846713,3038.7,3038.8,3038.750000
1764336846964,3038.7,3038.8,3038.750000
1764336847214,3038.7,3038.8,3038.750000
1764336847464,3038.7,3038.8,3038.750000
1764336847714,3038.6,3038.7,3038.650000
1764336847964,3038.4,3038.5,3038.450000
1764336848219,3038.4,3038.5,3038.450000
1764336848469,3038.4,3038.5,3038.450000
1764336848721,3038.4,3038.5,3038.450000
1764336848972,3038.4,3038.5,3038.450000
1764336849223,3038.4,3038.5,3038.450000
1764336849475,3038.4,3038.5,3038.450000
1764336849726,3038.4,3038.5,3038.450000
1764336849977,3038.4,3038.5,3038.450000
1764336850229,3038.3,3038.4,3038.350000
1764336850479,3038.3,3038.4,3038.350000
1764336850729,3038.3,3038.4,3038.350000
1764336850979,3038.3,3038.4,3038.350000
1764336851231,3038.3,3038.4,3038.350000
1764336851481,3038.3,3038.4,3038.350000
1764336851731,3038.3,3038.4,3038.350000
1764336851981,3038.3,3038.4,3038.350000
1764336852231,3038.3,3038.4,3038.350000
1764336852487,3038.3,3038.4,3038.350000
1764336852740,3038.3,3038.4,3038.350000
1764336852990,3038.3,3038.4,3038.350000
1764336853242,3038.3,3038.4,3038.350000
1764336853501,3038.3,3038.4,3038.350000
1764336853751,3038.3,3038.4,3038.350000
1764336854002,3038.3,3038.4,3038.350000
1764336854255,3038.3,3038.4,3038.350000
1764336854505,3038.3,3038.4,3038.350000
1764336854755,3038.3,3038.4,3038.350000
1764336855006,3038.3,3038.4,3038.350000
1764336855256,3038.3,3038.4,3038.350000
1764336855506,3038.3,3038.4,3038.350000
1764336855760,3038.3,3038.4,3038.350000
1764336856014,3038.3,3038.4,3038.350000
1764336856264,3038.3,3038.4,3038.350000
1764336856521,3038.3,3038.4,3038.350000
1764336856773,3038.3,3038.4,3038.350000
1764336857034,3038.3,3038.4,3038.350000
1764336857284,3038.3,3038.4,3038.350000
1764336857535,3038.3,3038.4,3038.350000
1764336857786,3038.3,3038.4,3038.350000
1764336858041,3038.3,3038.4,3038.350000
1764336858295,3038.3,3038.4,3038.350000
1764336858546,3038.1,3038.2,3038.150000
1764336858797,3038.1,3038.2,3038.150000
1764336859047,3038.1,3038.2,3038.150000
1764336859297,3037.9,3038.0,3037.950000
1764336859547,3037.9,3038.0,3037.950000
1764336859800,3037.9,3038.0,3037.950000
1764336860052,3037.9,3038.0,3037.950000
1764336860302,3037.9,3038.0,3037.950000
1764336860554,3037.9,3038.0,3037.950000
1764336860804,3037.8,3037.9,3037.850000
1764336861055,3037.8,3037.9,3037.850000
1764336861305,3037.7,3037.8,3037.750000
1764336861556,3037.7,3037.8,3037.750000
1764336861807,3037.7,3037.8,3037.750000
1764336862059,3037.7,3037.8,3037.750000
1764336862310,3037.7,3037.8,3037.750000
1764336862560,3037.7,3037.8,3037.750000
1764336862812,3037.7,3037.8,3037.750000
1764336863063,3037.7,3037.8,3037.750000
1764336863320,3037.7,3037.8,3037.750000
1764336863570,3037.7,3037.8,3037.750000
1764336863821,3037.7,3037.8,3037.750000
1764336864078,3037.7,3037.8,3037.750000
1764336864331,3037.7,3037.8,3037.750000
1764336864583,3037.7,3037.8,3037.750000
1764336864834,3037.7,3037.8,3037.750000
1764336865084,3037.7,3037.8,3037.750000
1764336865335,3037.7,3037.8,3037.750000
1764336865586,3037.7,3037.8,3037.750000
1764336865840,3037.7,3037.8,3037.750000
1764336866090,3038.0,3038.1,3038.050000
1764336866349,3038.0,3038.1,3038.050000
1764336866603,3038.0,3038.1,3038.050000
1764336866862,3038.0,3038.1,3038.050000
1764336867113,3038.0,3038.1,3038.050000
1764336867364,3038.0,3038.1,3038.050000
1764336867615,3038.0,3038.1,3038.050000
1764336867865,3038.0,3038.1,3038.050000
1764336868119,3038.0,3038.1,3038.050000
1764336868369,3038.0,3038.1,3038.050000
1764336868621,3038.0,3038.1,3038.050000
1764336868872,3038.0,3038.1,3038.050000
1764336869128,3038.0,3038.1,3038.050000
1764336869378,3038.0,3038.1,3038.050000
1764336869628,3038.0,3038.1,3038.050000
1764336869884,3038.0,3038.1,3038.050000
1764336870134,3038.0,3038.1,3038.050000
1764336870384,3038.0,3038.1,3038.050000
1764336870640,3038.0,3038.1,3038.050000
1764336870900,3038.0,3038.1,3038.050000
1764336871154,3038.0,3038.1,3038.050000
1764336871404,3038.0,3038.1,3038.050000
1764336871654,3038.0,3038.1,3038.050000
1764336871906,3038.0,3038.1,3038.050000
1764336872163,3038.0,3038.1,3038.050000
1764336872414,3038.0,3038.1,3038.050000
1764336872664,3038.0,3038.1,3038.050000
1764336872916,3038.0,3038.1,3038.050000
1764336873167,3038.0,3038.1,3038.050000
1764336873424,3038.1,3038.2,3038.150000
1764336873675,3038.1,3038.2,3038.150000
1764336873927,3038.1,3038.2,3038.150000
1764336874178,3038.1,3038.2,3038.150000
1764336874428,3038.1,3038.2,3038.150000
1764336874678,3038.1,3038.2,3038.150000
1764336874928,3038.1,3038.2,3038.150000
1764336875179,3038.1,3038.2,3038.150000
1764336875439,3038.1,3038.2,3038.150000
1764336875692,3038.1,3038.2,3038.150000
1764336875944,3038.1,3038.2,3038.150000
1764336876196,3038.1,3038.2,3038.150000
1764336876455,3038.1,3038.2,3038.150000
1764336876705,3038.3,3038.4,3038.350000
1764336876956,3038.3,3038.4,3038.350000
1764336877208,3038.3,3038.4,3038.350000
1764336877458,3038.3,3038.4,3038.350000
1764336877708,3038.3,3038.4,3038.350000
1764336877961,3038.3,3038.4,3038.350000
1764336878211,3038.3,3038.4,3038.350000
1764336878461,3038.3,3038.4,3038.350000
1764336878720,3038.3,3038.4,3038.350000
1764336878970,3038.3,3038.4,3038.350000
1764336879222,3038.3,3038.4,3038.350000
1764336879473,3038.3,3038.4,3038.350000
1764336879724,3038.3,3038.4,3038.350000
1764336879974,3038.3,3038.4,3038.350000
1764336880224,3038.3,3038.4,3038.350000
1764336880475,3038.3,3038.4,3038.350000
1764336880730,3038.3,3038.4,3038.350000
1764336880983,3038.3,3038.4,3038.350000
1764336881233,3038.3,3038.4,3038.350000
1764336881488,3038.3,3038.4,3038.350000
1764336881749,3038.3,3038.4,3038.350000
1764336882002,3038.3,3038.4,3038.350000
1764336882258,3038.3,3038.4,3038.350000
1764336882517,3038.3,3038.4,3038.350000
1764336882767,3038.3,3038.4,3038.350000
1764336883019,3038.3,3038.4,3038.350000
1764336883269,3038.3,3038.4,3038.350000
1764336883519,3038.3,3038.4,3038.350000
1764336883769,3038.3,3038.4,3038.350000
1764336884021,3038.3,3038.4,3038.350000
1764336884271,3038.3,3038.4,3038.350000
1764336884521,3038.3,3038.4,3038.350000
1764336884771,3038.3,3038.4,3038.350000
1764336885027,3038.3,3038.4,3038.350000
1764336885278,3038.3,3038.4,3038.350000
1764336885532,3038.3,3038.4,3038.350000
1764336885784,3038.3,3038.4,3038.350000
1764336886035,3038.3,3038.4,3038.350000
1764336886286,3038.3,3038.4,3038.350000
1764336886537,3038.3,3038.4,3038.350000
1764336886788,3038.3,3038.4,3038.350000
1764336887041,3038.3,3038.4,3038.350000
1764336887293,3038.3,3038.4,3038.350000
1764336887544,3038.3,3038.4,3038.350000
1764336887794,3038.3,3038.4,3038.350000
1764336888045,3038.3,3038.4,3038.350000
1764336888296,3038.3,3038.4,3038.350000
1764336888557,3038.3,3038.4,3038.350000
1764336888808,3038.3,3038.4,3038.350000
1764336889063,3038.7,3038.8,3038.750000
1764336889314,3038.7,3038.8,3038.750000
1764336889564,3038.6,3038.7,3038.650000
1764336889814,3038.5,3038.6,3038.550000
1764336890064,3038.5,3038.6,3038.550000
1764336890314,3038.5,3038.6,3038.550000
1764336890568,3038.5,3038.6,3038.550000
1764336890819,3038.5,3038.6,3038.550000
1764336891070,3038.5,3038.6,3038.550000
1764336891320,3038.5,3038.6,3038.550000
1764336891570,3038.5,3038.6,3038.550000
1764336891826,3038.5,3038.6,3038.550000
1764336892079,3038.5,3038.6,3038.550000
1764336892329,3038.5,3038.6,3038.550000
1764336892580,3038.5,3038.6,3038.550000
1764336892831,3038.5,3038.6,3038.550000
1764336893083,3038.4,3038.5,3038.450000
1764336893333,3038.4,3038.5,3038.450000
1764336893584,3038.4,3038.5,3038.450000
1764336893836,3038.4,3038.5,3038.450000
1764336894088,3038.4,3038.5,3038.450000
1764336894343,3038.4,3038.5,3038.450000
1764336894595,3038.4,3038.5,3038.450000
1764336894850,3038.4,3038.5,3038.450000
1764336895109,3038.4,3038.5,3038.450000
1764336895360,3038.4,3038.5,3038.450000
1764336895611,3038.4,3038.5,3038.450000
1764336895861,3038.4,3038.5,3038.450000
1764336896112,3038.4,3038.5,3038.450000
1764336896363,3038.4,3038.5,3038.450000
1764336896613,3038.4,3038.5,3038.450000
1764336896863,3038.4,3038.5,3038.450000
1764336897114,3038.4,3038.5,3038.450000
1764336897364,3038.4,3038.5,3038.450000
1764336897619,3038.4,3038.5,3038.450000
1764336897869,3038.4,3038.5,3038.450000
1764336898119,3038.4,3038.5,3038.450000
1764336898370,3038.4,3038.5,3038.450000
1764336898622,3038.4,3038.5,3038.450000
1764336898872,3038.4,3038.5,3038.450000
1764336899123,3038.4,3038.5,3038.450000
1764336899373,3038.4,3038.5,3038.450000
1764336899624,3038.4,3038.5,3038.450000
1764336899883,3038.4,3038.5,3038.450000
1764336900135,3038.4,3038.5,3038.450000
1764336900389,3038.4,3038.5,3038.450000
1764336900649,3038.4,3038.5,3038.450000
1764336900909,3038.5,3038.6,3038.550000
1764336901160,3038.8,3038.9,3038.850000
1764336901412,3038.9,3039.0,3038.950000
1764336901662,3038.9,3039.0,3038.950000
1764336901913,3038.9,3039.0,3038.950000
1764336902164,3038.9,3039.0,3038.950000
1764336902417,3038.9,3039.0,3038.950000
1764336902669,3038.9,3039.0,3038.950000
1764336902920,3038.9,3039.0,3038.950000
1764336903170,3038.9,3039.0,3038.950000
1764336903420,3039.1,3039.2,3039.150000
1764336903670,3039.1,3039.2,3039.150000
1764336903920,3039.2,3039.3,3039.250000
1764336904170,3039.3,3039.4,3039.350000
1764336904420,3039.3,3039.4,3039.350000
1764336904672,3039.3,3039.4,3039.350000
1764336904922,3039.4,3039.5,3039.450000
1764336905172,3039.4,3039.5,3039.450000
1764336905422,3039.4,3039.5,3039.450000
1764336905672,3039.4,3039.5,3039.450000
1764336905924,3039.4,3039.5,3039.450000
1764336906175,3039.4,3039.5,3039.450000
1764336906433,3039.4,3039.5,3039.450000
1764336906688,3039.4,3039.5,3039.450000
1764336906938,3041.4,3041.5,3041.450000
1764336907188,3042.5,3042.6,3042.550000
1764336907438,3042.7,3042.8,3042.750000
1764336907688,3042.7,3042.8,3042.750000
1764336907938,3042.8,3042.9,3042.850000
1764336908190,3042.9,3043.0,3042.950000
1764336908441,3043.0,3043.1,3043.050000
1764336908691,3043.0,3043.1,3043.050000
1764336908941,3043.0,3043.1,3043.050000
1764336909194,3043.0,3043.1,3043.050000
1764336909444,3043.0,3043.1,3043.050000
1764336909697,3043.0,3043.1,3043.050000
1764336909947,3043.0,3043.1,3043.050000
1764336910197,3043.0,3043.1,3043.050000
1764336910447,3043.0,3043.1,3043.050000
1764336910700,3043.0,3043.1,3043.050000
1764336910950,3043.0,3043.1,3043.050000
1764336911200,3042.8,3042.9,3042.850000
1764336911451,3042.6,3042.7,3042.650000
1764336911704,3042.6,3042.7,3042.650000
1764336911959,3042.4,3042.5,3042.450000
1764336912215,3042.4,3042.5,3042.450000
1764336912467,3042.4,3042.5,3042.450000
1764336912720,3042.4,3042.5,3042.450000
1764336912970,3042.0,3042.1,3042.050000
1764336913220,3042.0,3042.1,3042.050000
1764336913470,3042.0,3042.1,3042.050000
1764336913720,3041.4,3041.5,3041.450000
1764336913970,3041.4,3041.5,3041.450000
1764336914223,3041.4,3041.5,3041.450000
1764336914474,3041.4,3041.5,3041.450000
1764336914724,3041.4,3041.5,3041.450000
1764336914974,3041.4,3041.5,3041.450000
1764336915226,3041.4,3041.5,3041.450000
1764336915478,3041.4,3041.5,3041.450000
1764336915728,3041.4,3041.5,3041.450000
1764336915980,3041.4,3041.5,3041.450000
1764336916233,3041.4,3041.5,3041.450000
1764336916483,3041.4,3041.5,3041.450000
1764336916734,3041.4,3041.5,3041.450000
1764336916987,3041.4,3041.5,3041.450000
1764336917238,3041.4,3041.5,3041.450000
1764336917494,3041.4,3041.5,3041.450000
1764336917746,3041.4,3041.5,3041.450000
1764336917996,3041.4,3041.5,3041.450000
1764336918246,3041.1,3041.2,3041.150000
1764336918496,3041.1,3041.2,3041.150000
1764336918747,3041.1,3041.2,3041.150000
1764336918997,3041.1,3041.2,3041.150000
1764336919250,3041.1,3041.2,3041.150000
1764336919501,3041.1,3041.2,3041.150000
1764336919752,3041.1,3041.2,3041.150000
1764336920003,3041.1,3041.2,3041.150000
1764336920254,3041.1,3041.2,3041.150000
1764336920505,3041.1,3041.2,3041.150000
1764336920757,3041.1,3041.2,3041.150000
1764336921009,3041.1,3041.2,3041.150000
1764336921259,3041.6,3041.7,3041.650000
1764336921509,3041.6,3041.7,3041.650000
1764336921759,3041.6,3041.7,3041.650000
1764336922009,3041.6,3041.7,3041.650000
1764336922260,3041.6,3041.7,3041.650000
1764336922510,3041.6,3041.7,3041.650000
1764336922760,3041.6,3041.7,3041.650000
1764336923011,3041.6,3041.7,3041.650000
1764336923266,3041.6,3041.7,3041.650000
1764336923516,3041.6,3041.7,3041.650000
1764336923766,3041.6,3041.7,3041.650000
1764336924016,3041.6,3041.7,3041.650000
1764336924266,3041.6,3041.7,3041.650000
1764336924516,3041.6,3041.7,3041.650000
1764336924767,3041.6,3041.7,3041.650000
1764336925017,3041.6,3041.7,3041.650000
1764336925267,3041.7,3041.8,3041.750000
1764336925517,3041.9,3042.0,3041.950000
1764336925767,3041.9,3042.0,3041.950000
1764336926018,3041.9,3042.0,3041.950000
1764336926268,3041.9,3042.0,3041.950000
1764336926519,3041.9,3042.0,3041.950000
1764336926770,3041.9,3042.0,3041.950000
1764336927025,3041.9,3042.0,3041.950000
1764336927278,3041.9,3042.0,3041.950000
1764336927528,3041.9,3042.0,3041.950000
1764336927781,3041.9,3042.0,3041.950000
1764336928031,3041.9,3042.0,3041.950000
1764336928281,3041.9,3042.0,3041.950000
1764336928531,3041.9,3042.0,3041.950000
1764336928781,3041.9,3042.0,3041.950000
1764336929031,3041.9,3042.0,3041.950000
1764336929282,3041.9,3042.0,3041.950000
1764336929532,3041.9,3042.0,3041.950000
1764336929783,3041.9,3042.0,3041.950000
1764336930033,3041.9,3042.0,3041.950000
1764336930283,3041.9,3042.0,3041.950000
1764336930537,3041.9,3042.0,3041.950000
1764336930794,3041.9,3042.0,3041.950000
1764336931044,3041.9,3042.0,3041.950000
1764336931305,3041.9,3042.0,3041.950000
1764336931556,3041.9,3042.0,3041.950000
1764336931807,3041.9,3042.0,3041.950000
1764336932058,3041.6,3041.7,3041.650000
1764336932308,3041.5,3041.6,3041.550000
1764336932558,3041.5,3041.6,3041.550000
1764336932808,3041.4,3041.5,3041.450000
1764336933058,3041.1,3041.2,3041.150000
1764336933308,3041.1,3041.2,3041.150000
1764336933558,3041.1,3041.2,3041.150000
1764336933809,3041.1,3041.2,3041.150000
1764336934061,3040.8,3040.9,3040.850000
1764336934311,3040.8,3040.9,3040.850000
1764336934561,3040.8,3040.9,3040.850000
1764336934815,3040.8,3040.9,3040.850000
1764336935068,3040.8,3040.9,3040.850000
1764336935322,3040.8,3040.9,3040.850000
1764336935575,3040.8,3040.9,3040.850000
1764336935836,3040.8,3040.9,3040.850000
1764336936086,3040.9,3041.0,3040.950000
1764336936337,3040.9,3041.0,3040.950000
1764336936588,3040.9,3041.0,3040.950000
1764336936839,3040.9,3041.0,3040.950000
1764336937089,3040.9,3041.0,3040.950000
1764336937340,3040.9,3041.0,3040.950000
1764336937591,3040.9,3041.0,3040.950000
1764336937842,3040.9,3041.0,3040.950000
1764336938092,3040.9,3041.0,3040.950000
1764336938352,3040.9,3041.0,3040.950000
1764336938602,3040.9,3041.0,3040.950000
1764336938852,3040.9,3041.0,3040.950000
1764336939104,3040.9,3041.0,3040.950000
1764336939357,3040.9,3041.0,3040.950000
1764336939607,3041.5,3041.6,3041.550000
1764336939858,3041.6,3041.7,3041.650000
1764336940109,3041.6,3041.7,3041.650000
1764336940362,3041.8,3041.9,3041.850000
1764336940613,3041.8,3041.9,3041.850000
1764336940863,3041.8,3041.9,3041.850000
1764336941114,3041.8,3041.9,3041.850000
1764336941364,3041.8,3041.9,3041.850000
1764336941615,3041.8,3041.9,3041.850000
1764336941865,3041.8,3041.9,3041.850000
1764336942115,3041.8,3041.9,3041.850000
1764336942365,3041.8,3041.9,3041.850000
1764336942615,3041.8,3041.9,3041.850000
1764336942865,3042.0,3042.1,3042.050000
1764336943119,3041.7,3041.8,3041.750000
1764336943371,3041.7,3041.8,3041.750000
1764336943621,3041.7,3041.8,3041.750000
1764336943871,3041.7,3041.8,3041.750000
1764336944121,3041.7,3041.8,3041.750000
1764336944371,3041.7,3041.8,3041.750000
1764336944622,3041.7,3041.8,3041.750000
1764336944875,3041.7,3041.8,3041.750000
1764336945125,3041.7,3041.8,3041.750000
1764336945375,3041.7,3041.8,3041.750000
1764336945631,3041.7,3041.8,3041.750000
1764336945884,3041.7,3041.8,3041.750000
1764336946135,3041.7,3041.8,3041.750000
1764336946385,3041.7,3041.8,3041.750000
1764336946635,3041.7,3041.8,3041.750000
1764336946887,3041.7,3041.8,3041.750000
1764336947137,3041.7,3041.8,3041.750000
1764336947389,3041.7,3041.8,3041.750000
1764336947643,3041.7,3041.8,3041.750000
1764336947893,3041.7,3041.8,3041.750000
1764336948145,3041.7,3041.8,3041.750000
1764336948395,3041.7,3041.8,3041.750000
1764336948646,3041.7,3041.8,3041.750000
1764336948896,3041.7,3041.8,3041.750000
1764336949146,3041.7,3041.8,3041.750000
1764336949400,3041.7,3041.8,3041.750000
1764336949653,3041.7,3041.8,3041.750000
1764336949907,3041.7,3041.8,3041.750000
1764336950160,3041.7,3041.8,3041.750000
1764336950411,3041.7,3041.8,3041.750000
1764336950662,3041.7,3041.8,3041.750000
1764336950920,3041.7,3041.8,3041.750000
1764336951170,3041.7,3041.8,3041.750000
1764336951423,3041.7,3041.8,3041.750000
1764336951680,3041.7,3041.8,3041.750000
1764336951931,3041.7,3041.8,3041.750000
1764336952182,3041.7,3041.8,3041.750000
1764336952433,3041.7,3041.8,3041.750000
1764336952685,3041.7,3041.8,3041.750000
1764336952935,3041.7,3041.8,3041.750000
1764336953190,3041.7,3041.8,3041.750000
1764336953441,3041.7,3041.8,3041.750000
1764336953691,3041.7,3041.8,3041.750000
1764336953945,3041.7,3041.8,3041.750000
1764336954200,3041.7,3041.8,3041.750000
1764336954454,3041.7,3041.8,3041.750000
1764336954712,3041.7,3041.8,3041.750000
1764336954964,3041.7,3041.8,3041.750000
1764336955224,3041.7,3041.8,3041.750000
1764336955475,3041.7,3041.8,3041.750000
1764336955725,3041.7,3041.8,3041.750000
1764336955976,3041.7,3041.8,3041.750000
1764336956228,3041.7,3041.8,3041.750000
1764336956479,3041.7,3041.8,3041.750000
1764336956729,3041.7,3041.8,3041.750000
1764336956979,3041.7,3041.8,3041.750000
1764336957229,3041.7,3041.8,3041.750000
1764336957481,3041.7,3041.8,3041.750000
1764336957731,3041.7,3041.8,3041.750000
1764336957981,3041.7,3041.8,3041.750000
1764336958232,3041.7,3041.8,3041.750000
1764336958484,3041.7,3041.8,3041.750000
1764336958744,3041.7,3041.8,3041.750000
1764336958999,3041.7,3041.8,3041.750000
1764336959252,3041.7,3041.8,3041.750000
1764336959513,3041.7,3041.8,3041.750000
1764336959763,3041.7,3041.8,3041.750000
1764336960015,3041.7,3041.8,3041.750000
1764336960265,3041.7,3041.8,3041.750000
1764336960516,3041.7,3041.8,3041.750000
1764336960766,3041.7,3041.8,3041.750000
1764336961017,3042.4,3042.5,3042.450000
1764336961267,3042.4,3042.5,3042.450000
1764336961517,3042.4,3042.5,3042.450000
1764336961768,3042.4,3042.5,3042.450000
1764336962019,3042.4,3042.5,3042.450000
1764336962269,3042.4,3042.5,3042.450000
1764336962521,3042.4,3042.5,3042.450000
1764336962772,3042.4,3042.5,3042.450000
1764336963022,3042.4,3042.5,3042.450000
1764336963272,3042.3,3042.4,3042.350000
1764336963524,3042.3,3042.4,3042.350000
1764336963774,3042.3,3042.4,3042.350000
1764336964024,3042.3,3042.4,3042.350000
1764336964286,3042.3,3042.4,3042.350000
1764336964539,3042.3,3042.4,3042.350000
1764336964790,3042.3,3042.4,3042.350000
1764336965046,3042.3,3042.4,3042.350000
1764336965300,3042.4,3042.5,3042.450000
1764336965550,3042.4,3042.5,3042.450000
1764336965800,3042.4,3042.5,3042.450000
1764336966050,3042.4,3042.5,3042.450000
1764336966302,3042.4,3042.5,3042.450000
1764336966552,3042.4,3042.5,3042.450000
1764336966804,3042.4,3042.5,3042.450000
1764336967055,3042.4,3042.5,3042.450000
1764336967305,3042.4,3042.5,3042.450000
1764336967555,3042.4,3042.5,3042.450000
1764336967805,3042.4,3042.5,3042.450000
1764336968061,3042.4,3042.5,3042.450000
1764336968312,3042.4,3042.5,3042.450000
1764336968562,3042.8,3042.9,3042.850000
1764336968812,3042.8,3042.9,3042.850000
1764336969062,3042.8,3042.9,3042.850000
1764336969313,3043.1,3043.2,3043.150000
1764336969563,3043.1,3043.2,3043.150000
1764336969813,3043.1,3043.2,3043.150000
1764336970064,3043.1,3043.2,3043.150000
1764336970314,3043.1,3043.2,3043.150000
1764336970564,3043.1,3043.2,3043.150000
1764336970815,3043.1,3043.2,3043.150000
1764336971065,3043.2,3043.3,3043.250000
1764336971316,3043.2,3043.3,3043.250000
1764336971567,3043.2,3043.3,3043.250000
1764336971817,3043.3,3043.4,3043.350000
1764336972068,3043.3,3043.4,3043.350000
1764336972318,3043.3,3043.4,3043.350000
1764336972570,3043.3,3043.4,3043.350000
1764336972820,3043.5,3043.6,3043.550000
1764336973070,3043.5,3043.6,3043.550000
1764336973321,3043.8,3043.9,3043.850000
1764336973571,3043.8,3043.9,3043.850000
1764336973821,3043.8,3043.9,3043.850000
1764336974071,3044.1,3044.2,3044.150000
1764336974322,3046.4,3046.5,3046.450000
1764336974572,3046.5,3046.6,3046.550000
1764336974822,3046.5,3046.6,3046.550000
1764336975072,3046.6,3046.7,3046.650000
1764336975322,3046.7,3046.8,3046.750000
1764336975572,3046.8,3046.9,3046.850000
1764336975823,3046.9,3047.0,3046.950000
1764336976073,3047.5,3047.6,3047.550000
1764336976323,3048.3,3048.4,3048.350000
1764336976573,3048.3,3048.4,3048.350000
1764336976823,3048.3,3048.4,3048.350000
1764336977073,3048.2,3048.3,3048.250000
1764336977323,3047.3,3047.4,3047.350000
1764336977574,3047.2,3047.3,3047.250000
1764336977830,3047.2,3047.3,3047.250000
1764336978081,3047.2,3047.3,3047.250000
1764336978332,3047.2,3047.3,3047.250000
1764336978584,3047.2,3047.3,3047.250000
1764336978848,3047.2,3047.3,3047.250000
1764336979098,3047.2,3047.3,3047.250000
1764336979350,3047.2,3047.3,3047.250000
1764336979601,3047.2,3047.3,3047.250000
1764336979852,3047.2,3047.3,3047.250000
1764336980104,3047.2,3047.3,3047.250000
1764336980354,3047.2,3047.3,3047.250000
1764336980604,3047.2,3047.3,3047.250000
1764336980854,3047.7,3047.8,3047.750000
1764336981108,3047.7,3047.8,3047.750000
1764336981359,3047.7,3047.8,3047.750000
1764336981609,3048.2,3048.3,3048.250000
1764336981859,3048.2,3048.3,3048.250000
1764336982109,3048.3,3048.4,3048.350000
1764336982359,3048.3,3048.4,3048.350000
1764336982610,3048.3,3048.4,3048.350000
1764336982863,3048.3,3048.4,3048.350000
1764336983113,3048.5,3048.6,3048.550000
1764336983363,3048.5,3048.6,3048.550000
1764336983613,3048.2,3048.3,3048.250000
1764336983863,3048.2,3048.3,3048.250000
1764336984113,3048.2,3048.3,3048.250000
1764336984363,3048.2,3048.3,3048.250000
1764336984614,3048.5,3048.6,3048.550000
1764336984864,3048.2,3048.3,3048.250000
1764336985114,3048.0,3048.1,3048.050000
1764336985365,3048.0,3048.1,3048.050000
1764336985615,3048.0,3048.1,3048.050000
1764336985865,3048.0,3048.1,3048.050000
1764336986116,3048.0,3048.1,3048.050000
1764336986366,3048.0,3048.1,3048.050000
1764336986617,3048.0,3048.1,3048.050000
1764336986869,3048.3,3048.4,3048.350000
1764336987120,3048.3,3048.4,3048.350000
1764336987370,3048.3,3048.4,3048.350000
1764336987621,3048.5,3048.6,3048.550000
1764336987873,3048.5,3048.6,3048.550000
1764336988127,3048.5,3048.6,3048.550000
1764336988378,3048.5,3048.6,3048.550000
1764336988628,3048.5,3048.6,3048.550000
1764336988878,3048.5,3048.6,3048.550000
1764336989129,3048.6,3048.7,3048.650000
1764336989380,3048.6,3048.7,3048.650000
