unix_timestamp_ms,bid,ask,mid
1764329726138,890.7,890.8,890.750000
1764329728620,890.7,890.8,890.750000
1764329728913,890.7,890.8,890.750000
1764329729163,890.7,890.8,890.750000
1764329729453,890.7,890.8,890.750000
1764329729708,890.7,890.8,890.750000
1764329729959,890.7,890.8,890.750000
1764329730211,890.7,890.8,890.750000
1764329730462,890.9,891.0,890.950000
1764329730738,890.9,891.0,890.950000
1764329730989,890.9,891.0,890.950000
1764329731284,890.9,891.0,890.950000
1764329731535,890.9,891.0,890.950000
1764329731813,890.9,891.0,890.950000
1764329732064,890.9,891.0,890.950000
1764329732322,890.9,891.0,890.950000
1764329732580,890.9,891.0,890.950000
1764329732835,890.8,891.0,890.900000
1764329733085,890.8,890.9,890.850000
1764329733347,890.8,890.9,890.850000
1764329733597,890.8,890.9,890.850000
1764329733852,890.8,890.9,890.850000
1764329734129,890.8,890.9,890.850000
1764329734379,890.8,890.9,890.850000
1764329734644,890.8,890.9,890.850000
1764329734902,890.8,890.9,890.850000
1764329735187,890.8,890.9,890.850000
1764329735471,890.8,890.9,890.850000
1764329735722,890.8,890.9,890.850000
1764329735984,890.8,890.9,890.850000
1764329736239,890.8,890.9,890.850000
1764329736507,890.8,890.9,890.850000
1764329736769,890.8,890.9,890.850000
1764329737046,890.8,890.9,890.850000
1764329737298,890.8,890.9,890.850000
1764329737596,890.8,890.9,890.850000
1764329737864,890.8,890.9,890.850000
1764329738114,890.8,890.9,890.850000
1764329738388,890.8,890.9,890.850000
1764329738682,890.8,890.9,890.850000
1764329738932,890.8,890.9,890.850000
1764329739192,890.8,890.9,890.850000
1764329739447,890.8,890.9,890.850000
1764329739715,890.8,890.9,890.850000
1764329739966,890.8,890.9,890.850000
1764329740234,890.8,890.9,890.850000
1764329740487,890.8,890.9,890.850000
1764329740782,890.8,890.9,890.850000
1764329741046,890.8,890.9,890.850000
1764329741314,890.8,890.9,890.850000
1764329741566,890.8,890.9,890.850000
1764329741816,890.8,890.9,890.850000
1764329742099,890.8,890.9,890.850000
1764329742352,890.8,890.9,890.850000
1764329742640,890.8,890.9,890.850000
1764329742896,890.8,890.9,890.850000
1764329743197,890.8,890.9,890.850000
1764329743493,890.8,890.9,890.850000
1764329743761,890.8,890.9,890.850000
1764329744011,890.9,891.0,890.950000
1764329744261,890.9,891.0,890.950000
1764329744544,890.9,891.0,890.950000
1764329744802,890.9,891.0,890.950000
1764329745056,890.9,891.0,890.950000
1764329745324,890.9,891.0,890.950000
1764329745584,890.9,891.0,890.950000
1764329745835,890.9,891.0,890.950000
1764329746098,890.9,891.0,890.950000
1764329746373,890.9,891.0,890.950000
1764329746628,890.9,891.0,890.950000
1764329746879,890.9,891.0,890.950000
1764329747152,890.9,891.0,890.950000
1764329747424,890.9,891.0,890.950000
1764329747689,890.9,891.0,890.950000
1764329747939,890.9,891.0,890.950000
1764329748232,890.9,891.0,890.950000
1764329748505,890.9,891.0,890.950000
1764329748777,890.9,891.0,890.950000
1764329749065,890.9,891.0,890.950000
1764329749318,890.9,891.0,890.950000
1764329749569,890.9,891.0,890.950000
1764329749836,890.9,891.0,890.950000
1764329750122,890.9,891.0,890.950000
1764329750372,890.9,891.0,890.950000
1764329750671,890.9,891.0,890.950000
1764329750924,890.9,891.0,890.950000
1764329751212,890.9,891.0,890.950000
1764329751513,890.9,891.0,890.950000
1764329751780,890.9,891.0,890.950000
1764329752053,890.9,891.0,890.950000
1764329752323,890.9,891.0,890.950000
1764329752603,890.9,891.0,890.950000
1764329752853,890.9,891.0,890.950000
1764329753147,890.9,891.0,890.950000
1764329753399,890.9,891.0,890.950000
1764329753691,890.9,891.0,890.950000
1764329753941,890.9,891.0,890.950000
1764329754199,890.9,891.0,890.950000
1764329754463,890.9,891.0,890.950000
1764329754713,890.9,891.0,890.950000
1764329754963,891.1,891.2,891.150000
1764329755220,891.1,891.2,891.150000
1764329755470,891.1,891.2,891.150000
1764329755726,891.1,891.2,891.150000
1764329755998,891.1,891.2,891.150000
1764329756250,891.1,891.2,891.150000
1764329756535,891.1,891.2,891.150000
1764329756788,891.1,891.2,891.150000
1764329757085,891.1,891.2,891.150000
1764329757356,891.1,891.2,891.150000
1764329757631,891.1,891.2,891.150000
1764329757901,891.1,891.2,891.150000
1764329758174,891.1,891.2,891.150000
1764329758426,891.2,891.3,891.250000
1764329758677,891.2,891.3,891.250000
1764329758939,890.8,890.9,890.850000
1764329759200,890.8,890.9,890.850000
1764329759451,890.8,890.9,890.850000
1764329759707,890.8,890.9,890.850000
1764329759957,890.8,890.9,890.850000
1764329760240,890.8,890.9,890.850000
1764329760491,890.8,890.9,890.850000
1764329760750,890.7,890.8,890.750000
1764329761000,890.7,890.8,890.750000
1764329761272,890.7,890.8,890.750000
1764329761522,890.7,890.8,890.750000
1764329761779,890.7,890.8,890.750000
1764329762031,890.8,890.9,890.850000
1764329762281,890.8,890.9,890.850000
1764329762533,890.8,890.9,890.850000
1764329762784,890.8,890.9,890.850000
1764329763076,890.8,890.9,890.850000
1764329763335,890.8,890.9,890.850000
1764329763622,890.8,890.9,890.850000
1764329763872,890.8,890.9,890.850000
1764329764161,890.8,890.9,890.850000
1764329764412,890.8,890.9,890.850000
1764329764717,890.8,890.9,890.850000
1764329764972,890.8,890.9,890.850000
1764329765229,890.8,890.9,890.850000
1764329765481,890.8,890.9,890.850000
1764329765733,890.8,890.9,890.850000
1764329766006,890.8,890.9,890.850000
1764329766280,890.8,890.9,890.850000
1764329766536,890.8,890.9,890.850000
1764329766832,890.8,890.9,890.850000
1764329767082,890.8,890.9,890.850000
1764329767380,890.8,890.9,890.850000
1764329767684,890.8,890.9,890.850000
1764329767935,890.8,890.9,890.850000
1764329768223,890.8,890.9,890.850000
1764329768498,890.8,890.9,890.850000
1764329768767,890.8,890.9,890.850000
1764329769018,890.8,890.9,890.850000
1764329769281,890.8,890.9,890.850000
1764329769569,890.8,890.9,890.850000
1764329769822,890.8,890.9,890.850000
1764329770072,890.8,890.9,890.850000
1764329770363,890.8,890.9,890.850000
1764329770613,890.8,890.9,890.850000
1764329770913,890.8,890.9,890.850000
1764329771163,890.8,890.9,890.850000
1764329771444,890.8,890.9,890.850000
1764329771713,890.8,890.9,890.850000
1764329771965,890.8,890.9,890.850000
1764329772236,890.8,890.9,890.850000
1764329772517,890.8,890.9,890.850000
1764329772782,890.8,890.9,890.850000
1764329773070,890.8,890.9,890.850000
1764329773323,890.8,890.9,890.850000
1764329773625,890.8,890.9,890.850000
1764329773886,890.8,890.9,890.850000
1764329774137,890.8,890.9,890.850000
1764329774438,890.8,890.9,890.850000
1764329774707,890.8,890.9,890.850000
1764329774976,890.8,890.9,890.850000
1764329775242,890.8,890.9,890.850000
1764329775511,890.8,890.9,890.850000
1764329775763,890.8,890.9,890.850000
1764329776017,890.8,890.9,890.850000
1764329776267,890.8,890.9,890.850000
1764329776520,890.8,890.9,890.850000
1764329776775,890.8,890.9,890.850000
1764329777045,890.8,890.9,890.850000
1764329777314,890.8,890.9,890.850000
1764329777588,890.8,890.9,890.850000
1764329777842,890.8,890.9,890.850000
1764329778131,890.8,890.9,890.850000
1764329778384,890.8,890.9,890.850000
1764329778634,890.8,890.9,890.850000
1764329778890,890.8,890.9,890.850000
1764329779143,890.8,890.9,890.850000
1764329779397,890.8,890.9,890.850000
1764329779649,890.8,890.9,890.850000
1764329779908,890.8,890.9,890.850000
1764329780158,890.8,890.9,890.850000
1764329780409,890.8,890.9,890.850000
1764329780679,890.8,890.9,890.850000
1764329780929,890.8,890.9,890.850000
1764329781219,890.8,890.9,890.850000
1764329781472,890.8,890.9,890.850000
1764329781769,890.8,890.9,890.850000
1764329782065,890.8,890.9,890.850000
1764329782315,890.8,890.9,890.850000
1764329782568,890.8,890.9,890.850000
1764329782818,890.8,890.9,890.850000
1764329783069,890.8,890.9,890.850000
1764329783337,890.8,890.9,890.850000
1764329783598,890.8,890.9,890.850000
1764329783870,890.8,890.9,890.850000
1764329784125,890.8,890.9,890.850000
1764329784404,890.8,890.9,890.850000
1764329784671,890.8,890.9,890.850000
1764329784960,890.8,890.9,890.850000
1764329785214,890.8,890.9,890.850000
1764329785508,890.8,890.9,890.850000
1764329785759,890.8,890.9,890.850000
1764329786060,890.8,890.9,890.850000
1764329786313,890.8,890.9,890.850000
1764329786576,890.8,890.9,890.850000
1764329786867,890.8,890.9,890.850000
1764329787118,890.8,890.9,890.850000
1764329787373,890.8,890.9,890.850000
1764329787623,890.8,890.9,890.850000
1764329787873,890.8,890.9,890.850000
1764329788128,890.8,890.9,890.850000
1764329788380,890.8,890.9,890.850000
1764329788631,890.8,890.9,890.850000
1764329788884,890.8,890.9,890.850000
1764329789142,890.8,890.9,890.850000
1764329789443,890.8,890.9,890.850000
1764329789697,890.8,890.9,890.850000
1764329789988,890.8,890.9,890.850000
1764329790239,890.8,890.9,890.850000
1764329790525,890.8,890.9,890.850000
1764329790813,890.8,890.9,890.850000
1764329791063,890.8,890.9,890.850000
1764329791315,890.8,890.9,890.850000
1764329791613,890.8,890.9,890.850000
1764329791907,890.8,890.9,890.850000
1764329792159,890.8,890.9,890.850000
1764329792461,890.8,890.9,890.850000
1764329792716,890.8,890.9,890.850000
1764329792999,890.8,890.9,890.850000
1764329793267,890.8,890.9,890.850000
1764329793543,890.8,890.9,890.850000
1764329793814,890.8,890.9,890.850000
1764329794070,890.8,890.9,890.850000
1764329794323,890.8,890.9,890.850000
1764329794606,890.8,890.9,890.850000
1764329995490,890.2,890.3,890.250000
1764329998807,890.2,890.3,890.250000
1764329999077,890.2,890.3,890.250000
1764329999327,890.2,890.3,890.250000
1764329999610,890.2,890.3,890.250000
1764329999897,890.2,890.3,890.250000
1764330000163,890.2,890.3,890.250000
1764330000436,890.2,890.3,890.250000
1764330000719,890.2,890.3,890.250000
1764330000969,890.2,890.3,890.250000
1764330001228,890.2,890.3,890.250000
1764330001482,890.2,890.3,890.250000
1764330001732,890.2,890.3,890.250000
1764330001994,890.2,890.3,890.250000
1764330002261,890.2,890.3,890.250000
1764330002541,890.2,890.3,890.250000
1764330002795,890.2,890.3,890.250000
1764330003065,890.2,890.3,890.250000
1764330003334,890.2,890.3,890.250000
1764330003587,890.2,890.3,890.250000
1764330003846,890.2,890.3,890.250000
1764330004105,890.2,890.3,890.250000
1764330004367,890.2,890.3,890.250000
1764330004617,890.2,890.3,890.250000
1764330004881,890.2,890.3,890.250000
1764330005140,890.2,890.3,890.250000
1764330005390,890.2,890.3,890.250000
1764330005659,890.2,890.3,890.250000
1764330005930,890.2,890.3,890.250000
1764330006194,890.2,890.3,890.250000
1764330006469,890.2,890.3,890.250000
1764330006723,890.2,890.3,890.250000
1764330006976,890.2,890.3,890.250000
1764330007260,890.2,890.3,890.250000
1764330007510,890.2,890.3,890.250000
1764330007761,890.2,890.3,890.250000
1764330008012,890.2,890.3,890.250000
1764330008283,890.2,890.3,890.250000
1764330008533,890.2,890.3,890.250000
1764330008784,890.2,890.3,890.250000
1764330009069,890.2,890.3,890.250000
1764330009320,890.2,890.3,890.250000
1764330009571,890.2,890.3,890.250000
1764330009878,890.2,890.3,890.250000
1764330010130,890.2,890.3,890.250000
1764330010426,890.2,890.3,890.250000
1764330010677,890.2,890.3,890.250000
1764330010932,890.2,890.3,890.250000
1764330011238,890.2,890.3,890.250000
1764330011499,890.2,890.3,890.250000
1764330011761,890.2,890.3,890.250000
1764330012011,890.2,890.3,890.250000
1764330012261,890.2,890.3,890.250000
1764330012512,890.2,890.3,890.250000
1764330012807,890.2,890.3,890.250000
1764330013068,890.2,890.3,890.250000
1764330013335,890.2,890.3,890.250000
1764330013606,890.2,890.3,890.250000
1764330013857,890.2,890.3,890.250000
1764330014111,890.2,890.3,890.250000
1764330014367,890.2,890.3,890.250000
1764330014666,890.2,890.3,890.250000
1764330014934,890.2,890.3,890.250000
1764330015188,890.2,890.3,890.250000
1764330015442,890.2,890.3,890.250000
1764330015751,890.2,890.3,890.250000
1764330016015,890.2,890.3,890.250000
1764330016280,890.2,890.3,890.250000
1764330016531,890.1,890.2,890.150000
1764330016810,890.1,890.2,890.150000
1764330017080,890.1,890.2,890.150000
1764330017332,890.0,890.1,890.050000
1764330017582,890.0,890.1,890.050000
1764330017837,890.0,890.1,890.050000
1764330018089,890.0,890.1,890.050000
1764330018355,890.0,890.1,890.050000
1764330018624,890.0,890.1,890.050000
1764330018874,890.0,890.1,890.050000
1764330019125,890.0,890.1,890.050000
1764330019378,890.0,890.1,890.050000
1764330019628,890.0,890.1,890.050000
1764330019915,890.0,890.1,890.050000
1764330020172,890.0,890.1,890.050000
1764330020467,890.0,890.1,890.050000
1764330020735,890.0,890.1,890.050000
1764330020988,890.1,890.2,890.150000
1764330021264,890.1,890.2,890.150000
1764330021523,890.1,890.2,890.150000
1764330021780,890.1,890.2,890.150000
1764330022043,890.1,890.2,890.150000
1764330022316,890.1,890.2,890.150000
1764330022569,890.1,890.2,890.150000
1764330022822,890.1,890.2,890.150000
1764330023080,890.1,890.2,890.150000
1764330023336,890.1,890.2,890.150000
1764330023598,890.1,890.2,890.150000
1764330023856,890.2,890.3,890.250000
1764330024107,890.2,890.3,890.250000
1764330024376,890.2,890.3,890.250000
1764330024652,890.2,890.3,890.250000
1764330024923,890.2,890.3,890.250000
1764330025215,890.2,890.3,890.250000
1764330025480,890.2,890.3,890.250000
1764330025732,890.2,890.3,890.250000
1764330026017,890.2,890.3,890.250000
1764330026270,890.2,890.3,890.250000
1764330026545,890.2,890.3,890.250000
1764330026795,890.2,890.3,890.250000
1764330027047,890.2,890.3,890.250000
1764330027312,890.2,890.3,890.250000
1764330027567,890.2,890.3,890.250000
1764330027818,890.2,890.3,890.250000
1764330028119,890.2,890.3,890.250000
1764330028381,890.2,890.3,890.250000
1764330028632,890.2,890.3,890.250000
1764330028901,890.2,890.3,890.250000
1764330029165,890.2,890.3,890.250000
1764330029420,890.2,890.3,890.250000
1764330029686,890.2,890.3,890.250000
1764330029938,890.2,890.3,890.250000
1764330030224,890.2,890.3,890.250000
1764330030477,890.2,890.3,890.250000
1764330030762,890.2,890.3,890.250000
1764330031031,890.2,890.3,890.250000
1764330031284,890.2,890.3,890.250000
1764330031573,890.2,890.3,890.250000
1764330031825,890.2,890.3,890.250000
1764330032120,890.2,890.3,890.250000
1764330032370,890.2,890.3,890.250000
1764330032675,890.2,890.3,890.250000
1764330032927,890.2,890.3,890.250000
1764330033179,890.2,890.3,890.250000
1764330033430,890.2,890.3,890.250000
1764330033683,890.2,890.3,890.250000
1764330033945,890.2,890.3,890.250000
1764330034206,890.2,890.3,890.250000
1764330034456,890.2,890.3,890.250000
1764330034706,890.2,890.3,890.250000
1764330034959,890.2,890.3,890.250000
1764330035209,890.2,890.3,890.250000
1764330035460,890.2,890.3,890.250000
1764330035711,890.2,890.3,890.250000
1764330036000,890.2,890.3,890.250000
1764330036252,890.2,890.3,890.250000
1764330036502,890.2,890.3,890.250000
1764330036797,890.2,890.3,890.250000
1764330037092,890.2,890.3,890.250000
1764330037342,890.2,890.3,890.250000
1764330037592,890.2,890.3,890.250000
1764330037886,890.2,890.3,890.250000
1764330038177,890.2,890.3,890.250000
1764330038427,890.2,890.3,890.250000
1764330038678,890.2,890.3,890.250000
1764330038976,890.2,890.3,890.250000
1764330039235,890.2,890.3,890.250000
1764330039502,890.2,890.3,890.250000
1764330039800,890.4,890.5,890.450000
1764330040050,890.5,890.6,890.550000
1764330040302,890.5,890.6,890.550000
1764330040553,890.5,890.6,890.550000
1764330040805,890.5,890.6,890.550000
1764330041055,890.5,890.6,890.550000
1764330041329,890.5,890.6,890.550000
1764330041586,890.5,890.6,890.550000
1764330041871,890.5,890.6,890.550000
1764330042201,890.5,890.6,890.550000
1764330042452,890.5,890.6,890.550000
1764330042725,890.5,890.6,890.550000
1764330042987,890.5,890.6,890.550000
1764330043239,890.5,890.6,890.550000
1764330043499,890.5,890.6,890.550000
1764330043755,890.5,890.6,890.550000
1764330044049,890.5,890.6,890.550000
1764330044299,890.5,890.6,890.550000
1764330044597,890.5,890.6,890.550000
1764330044900,890.5,890.6,890.550000
1764330045157,890.5,890.6,890.550000
1764330045411,890.5,890.6,890.550000
1764330045692,890.5,890.6,890.550000
1764330045955,890.5,890.6,890.550000
1764330046224,890.5,890.6,890.550000
1764330046474,890.5,890.6,890.550000
1764330046750,890.5,890.6,890.550000
1764330047011,890.5,890.6,890.550000
1764330047315,890.5,890.6,890.550000
1764330047567,890.5,890.6,890.550000
1764330047860,890.5,890.6,890.550000
1764330048121,890.5,890.6,890.550000
1764330048401,890.5,890.6,890.550000
1764330048662,890.5,890.6,890.550000
1764330048916,890.5,890.6,890.550000
1764330049190,890.5,890.6,890.550000
1764330049440,890.5,890.6,890.550000
1764330049692,890.5,890.6,890.550000
1764330049962,890.5,890.6,890.550000
1764330050215,890.5,890.6,890.550000
1764330050503,890.5,890.6,890.550000
1764330050755,890.5,890.6,890.550000
1764330051007,890.5,890.6,890.550000
1764330051257,890.5,890.6,890.550000
1764330051508,890.6,890.7,890.650000
1764330051773,890.6,890.7,890.650000
1764330052023,890.6,890.7,890.650000
1764330052275,890.6,890.7,890.650000
1764330052531,890.6,890.7,890.650000
1764330052805,890.6,890.7,890.650000
1764330053072,890.6,890.7,890.650000
1764330053342,890.6,890.7,890.650000
1764330053613,890.6,890.7,890.650000
1764330053874,890.6,890.7,890.650000
1764330054125,890.6,890.7,890.650000
1764330054420,890.6,890.7,890.650000
1764330054681,890.6,890.7,890.650000
1764330054949,890.6,890.7,890.650000
1764330055215,890.6,890.7,890.650000
1764330055497,890.6,890.7,890.650000
1764330055749,890.6,890.7,890.650000
1764330055999,890.6,890.7,890.650000
1764330056250,890.6,890.7,890.650000
1764330056510,890.6,890.7,890.650000
1764330056782,890.6,890.7,890.650000
1764330057032,890.6,890.7,890.650000
1764330057320,890.6,890.7,890.650000
1764330057570,890.6,890.7,890.650000
1764330057823,890.6,890.7,890.650000
1764330058114,890.6,890.7,890.650000
1764330058366,890.6,890.7,890.650000
1764330058652,890.6,890.7,890.650000
1764330058945,890.6,890.7,890.650000
1764330059196,890.6,890.7,890.650000
1764330059446,890.6,890.7,890.650000
1764330059733,890.6,890.7,890.650000
1764330059983,890.6,890.7,890.650000
1764330060297,890.6,890.7,890.650000
1764330060564,890.6,890.7,890.650000
1764330060817,890.6,890.7,890.650000
1764330061068,890.6,890.7,890.650000
1764330061366,890.6,890.7,890.650000
1764330061620,890.6,890.7,890.650000
1764330061871,890.6,890.7,890.650000
1764330062129,890.6,890.7,890.650000
1764330062379,890.6,890.7,890.650000
1764330062664,890.6,890.7,890.650000
1764330062944,890.6,890.7,890.650000
1764330063213,890.6,890.7,890.650000
1764330063466,890.6,890.7,890.650000
1764330063744,890.6,890.7,890.650000
1764330063997,890.6,890.7,890.650000
1764330064281,890.6,890.7,890.650000
1764330064550,890.6,890.7,890.650000
1764330064822,890.6,890.7,890.650000
1764330065073,890.6,890.7,890.650000
1764330065371,890.6,890.7,890.650000
1764330065621,890.6,890.7,890.650000
1764330065871,890.6,890.7,890.650000
1764330066124,890.6,890.7,890.650000
1764330066380,890.6,890.7,890.650000
1764330066646,890.6,890.7,890.650000
1764330066918,890.6,890.7,890.650000
1764330067173,890.6,890.7,890.650000
1764330067458,890.6,890.7,890.650000
1764330067711,890.6,890.7,890.650000
1764330067963,890.6,890.7,890.650000
1764330068213,890.6,890.7,890.650000
1764330068476,890.6,890.7,890.650000
1764330068739,890.6,890.7,890.650000
1764330069013,890.6,890.7,890.650000
1764330069278,890.6,890.7,890.650000
1764330069529,890.6,890.7,890.650000
1764330069782,890.6,890.7,890.650000
1764330070033,890.6,890.7,890.650000
1764330070291,890.6,890.7,890.650000
1764330070553,890.6,890.7,890.650000
1764330070820,890.6,890.7,890.650000
1764330071071,890.6,890.7,890.650000
1764330071339,890.6,890.7,890.650000
1764330071636,890.6,890.7,890.650000
1764330071887,890.6,890.7,890.650000
1764330072180,890.6,890.7,890.650000
1764330072436,890.6,890.7,890.650000
1764330072714,890.6,890.7,890.650000
1764330072970,890.6,890.7,890.650000
1764330073224,890.6,890.7,890.650000
1764330073474,890.6,890.7,890.650000
1764330073769,890.6,890.7,890.650000
1764330074069,890.6,890.7,890.650000
1764330074335,890.6,890.7,890.650000
1764330074605,890.6,890.7,890.650000
1764330074868,890.6,890.7,890.650000
1764330075153,890.6,890.7,890.650000
1764330075424,890.6,890.7,890.650000
1764330075675,890.6,890.7,890.650000
1764330075975,890.6,890.7,890.650000
1764330076286,890.6,890.7,890.650000
1764330076537,890.6,890.7,890.650000
1764330076824,890.6,890.7,890.650000
1764330077076,890.6,890.7,890.650000
1764330077367,890.6,890.7,890.650000
1764330077636,890.6,890.7,890.650000
1764330077903,890.6,890.7,890.650000
1764330078154,890.6,890.7,890.650000
1764330078405,890.6,890.7,890.650000
1764330078697,890.7,890.8,890.750000
1764330078947,890.8,890.9,890.850000
1764330079197,890.8,890.9,890.850000
1764330079447,890.8,890.9,890.850000
1764330079697,890.8,890.9,890.850000
1764330079949,890.8,890.9,890.850000
1764330080202,890.8,890.9,890.850000
1764330080455,890.8,890.9,890.850000
1764330080712,890.8,890.9,890.850000
1764330080993,890.8,890.9,890.850000
1764330081244,890.8,890.9,890.850000
1764330081494,890.8,890.9,890.850000
1764330081795,890.8,890.9,890.850000
1764330082045,890.8,890.9,890.850000
1764330082337,890.8,890.9,890.850000
1764330082600,890.8,890.9,890.850000
1764330082868,890.8,890.9,890.850000
1764330083135,890.8,890.9,890.850000
1764330083430,890.8,890.9,890.850000
1764330083681,890.8,890.9,890.850000
1764330083948,890.8,890.9,890.850000
1764330084242,890.8,890.9,890.850000
1764330084495,890.8,890.9,890.850000
1764330084754,890.8,890.9,890.850000
1764330085007,890.8,890.9,890.850000
1764330085263,890.8,890.9,890.850000
1764330085520,890.8,890.9,890.850000
1764330085785,890.8,890.9,890.850000
1764330086038,890.8,890.9,890.850000
1764330086288,890.8,890.9,890.850000
1764330086576,890.8,890.9,890.850000
1764330086829,890.8,890.9,890.850000
1764330087113,890.8,890.9,890.850000
1764330087363,890.8,890.9,890.850000
1764330087666,890.8,890.9,890.850000
1764330087916,890.8,890.9,890.850000
1764330088205,890.8,890.9,890.850000
1764330088455,890.8,890.9,890.850000
1764330088733,890.8,890.9,890.850000
1764330088987,890.8,890.9,890.850000
1764330089240,891.1,891.2,891.150000
1764330089495,891.1,891.2,891.150000
1764330089759,891.1,891.2,891.150000
1764330090015,891.1,891.2,891.150000
1764330090346,891.1,891.2,891.150000
1764330090596,891.1,891.2,891.150000
1764330090885,891.1,891.2,891.150000
1764330091139,891.2,891.3,891.250000
1764330091394,891.2,891.3,891.250000
1764330091645,891.2,891.3,891.250000
1764330091929,891.2,891.3,891.250000
1764330092228,891.2,891.3,891.250000
1764330092480,891.2,891.3,891.250000
1764330092764,891.2,891.3,891.250000
1764330093015,891.2,891.3,891.250000
1764330093293,891.2,891.3,891.250000
1764330093545,891.2,891.3,891.250000
1764330093845,891.2,891.3,891.250000
1764330094095,891.2,891.3,891.250000
1764330094377,891.2,891.3,891.250000
1764330094679,891.2,891.3,891.250000
1764330094930,891.2,891.3,891.250000
1764330095184,891.2,891.3,891.250000
1764330095434,891.2,891.3,891.250000
1764330095685,891.2,891.3,891.250000
1764330095941,891.2,891.3,891.250000
1764330096207,891.2,891.3,891.250000
1764330096464,891.2,891.3,891.250000
1764330096756,891.2,891.3,891.250000
1764330097006,891.2,891.3,891.250000
1764330097292,891.2,891.3,891.250000
1764330097550,891.2,891.3,891.250000
1764330097803,891.2,891.3,891.250000
1764330098085,891.2,891.3,891.250000
1764330098377,891.2,891.3,891.250000
1764330098674,891.2,891.3,891.250000
1764330098948,891.2,891.3,891.250000
1764330099198,891.2,891.3,891.250000
1764330099449,891.2,891.3,891.250000
1764330099702,891.2,891.3,891.250000
1764330099953,891.2,891.3,891.250000
1764330100210,891.2,891.3,891.250000
1764330100490,891.2,891.3,891.250000
1764330100759,891.2,891.3,891.250000
1764330101033,891.2,891.3,891.250000
1764330101283,891.2,891.3,891.250000
1764330101538,891.2,891.3,891.250000
1764330101822,891.2,891.3,891.250000
1764330102074,891.2,891.3,891.250000
1764330102340,891.2,891.3,891.250000
1764330102638,891.2,891.3,891.250000
1764330102890,891.2,891.3,891.250000
1764330103176,891.2,891.3,891.250000
1764330103464,891.2,891.3,891.250000
1764330103735,891.2,891.3,891.250000
1764330104012,891.2,891.3,891.250000
1764330104274,891.2,891.3,891.250000
1764330104540,891.2,891.3,891.250000
1764330104790,891.2,891.3,891.250000
1764330105040,891.2,891.3,891.250000
1764330105294,891.2,891.3,891.250000
1764330105594,891.2,891.3,891.250000
1764330105885,891.2,891.3,891.250000
1764330106136,891.2,891.3,891.250000
1764330106389,891.2,891.3,891.250000
1764330106671,891.2,891.3,891.250000
1764330106930,891.2,891.3,891.250000
1764330107181,891.2,891.3,891.250000
1764330107438,891.2,891.3,891.250000
1764330107692,891.2,891.3,891.250000
1764330107943,891.2,891.3,891.250000
1764330108215,891.2,891.3,891.250000
1764330108466,891.1,891.2,891.150000
1764330108743,891.1,891.2,891.150000
1764330109023,891.1,891.2,891.150000
1764330109320,891.1,891.2,891.150000
1764330109572,891.1,891.2,891.150000
1764330109823,891.1,891.2,891.150000
1764330110107,891.1,891.2,891.150000
1764330110358,891.1,891.2,891.150000
1764330110648,891.1,891.2,891.150000
1764330110936,891.1,891.2,891.150000
1764330111189,891.1,891.2,891.150000
1764330111440,891.2,891.3,891.250000
1764330111727,891.2,891.3,891.250000
1764330111988,891.2,891.3,891.250000
1764330112266,891.2,891.3,891.250000
1764330112518,891.2,891.3,891.250000
1764330112809,891.2,891.3,891.250000
1764330113059,891.2,891.3,891.250000
1764330113357,891.2,891.3,891.250000
1764330113608,891.2,891.3,891.250000
1764330113908,891.2,891.3,891.250000
1764330114167,891.2,891.3,891.250000
1764330114417,891.2,891.3,891.250000
1764330114719,891.2,891.3,891.250000
1764330115015,891.2,891.3,891.250000
1764330115278,891.2,891.3,891.250000
1764330115541,891.2,891.3,891.250000
1764330115792,891.2,891.3,891.250000
1764330116079,891.2,891.3,891.250000
1764330116345,891.2,891.3,891.250000
1764330116615,891.2,891.3,891.250000
1764330116883,891.2,891.3,891.250000
1764330117148,891.2,891.3,891.250000
1764330117402,891.2,891.3,891.250000
1764330117699,891.2,891.3,891.250000
1764330117973,891.2,891.3,891.250000
1764330118238,891.2,891.3,891.250000
1764330118497,891.2,891.3,891.250000
1764330118775,891.2,891.3,891.250000
1764330119048,891.2,891.3,891.250000
1764330119319,891.2,891.3,891.250000
1764330119572,891.2,891.3,891.250000
1764330119852,891.2,891.3,891.250000
1764330120105,891.2,891.3,891.250000
1764330120355,891.2,891.3,891.250000
1764330120620,891.2,891.3,891.250000
1764330120912,891.2,891.3,891.250000
1764330121167,891.2,891.3,891.250000
1764330121433,891.2,891.3,891.250000
1764330121691,891.2,891.3,891.250000
1764330121942,891.2,891.3,891.250000
1764330122203,891.2,891.3,891.250000
1764330122454,891.2,891.3,891.250000
1764330122721,891.2,891.3,891.250000
1764330123000,891.2,891.3,891.250000
1764330123268,891.2,891.3,891.250000
1764330123552,891.2,891.3,891.250000
1764330123802,891.2,891.3,891.250000
1764330124088,891.2,891.3,891.250000
1764330124358,891.2,891.3,891.250000
1764330124610,891.4,891.5,891.450000
1764330124861,891.4,891.5,891.450000
1764330125152,891.4,891.5,891.450000
1764330125404,891.4,891.5,891.450000
1764330125695,891.4,891.5,891.450000
1764330125947,891.4,891.5,891.450000
1764330126224,891.4,891.5,891.450000
1764330126474,891.4,891.5,891.450000
1764330126733,891.4,891.5,891.450000
1764330126991,891.4,891.5,891.450000
1764330127241,891.4,891.5,891.450000
1764330127514,891.4,891.5,891.450000
1764330127771,891.4,891.5,891.450000
1764330128035,891.4,891.5,891.450000
1764330128285,891.4,891.5,891.450000
1764330128547,891.4,891.5,891.450000
1764330128812,891.4,891.5,891.450000
1764330129108,891.4,891.5,891.450000
1764330129386,891.4,891.5,891.450000
1764330129637,891.7,891.8,891.750000
1764330129887,891.7,891.8,891.750000
1764330130140,891.7,891.8,891.750000
1764330130393,891.7,891.8,891.750000
1764330130646,891.7,891.8,891.750000
1764330130896,891.7,891.8,891.750000
1764330131185,891.7,891.8,891.750000
1764330131436,891.7,891.8,891.750000
1764330131695,891.7,891.8,891.750000
1764330131945,891.7,891.8,891.750000
1764330132205,891.7,891.8,891.750000
1764330132456,891.7,891.8,891.750000
1764330132751,891.7,891.8,891.750000
1764330133004,891.7,891.8,891.750000
1764330133272,891.7,891.8,891.750000
1764330133525,891.7,891.8,891.750000
1764330133795,891.7,891.8,891.750000
1764330134050,891.7,891.8,891.750000
1764330134309,891.7,891.8,891.750000
1764330134607,891.7,891.8,891.750000
1764330134858,891.7,891.8,891.750000
1764330135108,891.7,891.8,891.750000
1764330135371,891.7,891.8,891.750000
1764330135622,891.7,891.8,891.750000
1764330135876,891.7,891.8,891.750000
1764330136128,891.7,891.8,891.750000
1764330136389,891.7,891.8,891.750000
1764330136657,891.7,891.8,891.750000
1764330136924,891.7,891.8,891.750000
1764330137175,891.7,891.8,891.750000
1764330137430,891.6,891.7,891.650000
1764330137688,891.6,891.7,891.650000
1764330137956,891.6,891.7,891.650000
1764330138208,891.6,891.7,891.650000
1764330138458,891.6,891.7,891.650000
1764330138710,891.6,891.7,891.650000
1764330138994,891.6,891.7,891.650000
1764330139247,891.6,891.7,891.650000
1764330139540,891.6,891.7,891.650000
1764330139790,891.6,891.7,891.650000
1764330140088,891.6,891.7,891.650000
1764330140344,891.6,891.7,891.650000
1764330140600,891.6,891.7,891.650000
1764330140851,891.6,891.7,891.650000
1764330141127,891.6,891.7,891.650000
1764330141381,891.6,891.7,891.650000
1764330141645,891.6,891.7,891.650000
1764330141900,891.6,891.7,891.650000
1764330142152,891.6,891.7,891.650000
1764330142436,891.6,891.7,891.650000
1764330142700,891.6,891.7,891.650000
1764330142980,891.6,891.7,891.650000
1764330143276,891.6,891.7,891.650000
1764330143548,891.6,891.7,891.650000
1764330143823,891.6,891.7,891.650000
1764330144073,891.6,891.7,891.650000
1764330144369,891.6,891.7,891.650000
1764330144636,891.6,891.7,891.650000
1764330144899,891.6,891.7,891.650000
1764330145153,891.5,891.6,891.550000
1764330145433,891.5,891.6,891.550000
1764330145689,891.5,891.6,891.550000
1764330145975,891.5,891.6,891.550000
1764330146276,891.5,891.6,891.550000
1764330146559,891.5,891.6,891.550000
1764330146831,891.5,891.6,891.550000
1764330147141,891.5,891.6,891.550000
1764330147394,891.5,891.6,891.550000
1764330147644,891.5,891.6,891.550000
1764330147916,891.5,891.6,891.550000
1764330148188,891.5,891.6,891.550000
1764330148443,891.5,891.6,891.550000
1764330148736,891.5,891.6,891.550000
1764330148987,891.5,891.6,891.550000
1764330149280,891.5,891.6,891.550000
1764330149573,891.5,891.6,891.550000
1764330149823,891.5,891.6,891.550000
1764330150123,891.5,891.6,891.550000
1764330150373,891.5,891.6,891.550000
1764330150650,891.5,891.6,891.550000
1764330150937,891.5,891.6,891.550000
1764330151188,891.5,891.6,891.550000
1764330151453,891.5,891.6,891.550000
1764330151745,891.5,891.6,891.550000
1764330151995,891.5,891.6,891.550000
1764330152286,891.5,891.6,891.550000
1764330152539,891.5,891.6,891.550000
1764330152789,891.4,891.5,891.450000
1764330153039,891.4,891.5,891.450000
1764330153295,891.3,891.4,891.350000
1764330153587,891.3,891.4,891.350000
1764330153838,891.3,891.4,891.350000
1764330154091,891.3,891.4,891.350000
1764330154364,891.3,891.4,891.350000
1764330154638,891.3,891.4,891.350000
1764330154902,891.3,891.4,891.350000
1764330155155,891.3,891.4,891.350000
1764330155436,891.3,891.4,891.350000
1764330155686,891.3,891.4,891.350000
1764330155937,891.3,891.4,891.350000
1764330156225,891.3,891.4,891.350000
1764330156475,891.3,891.4,891.350000
1764330156725,891.3,891.4,891.350000
1764330156989,891.3,891.4,891.350000
1764330157256,891.3,891.4,891.350000
1764330157521,891.3,891.4,891.350000
1764330157796,891.3,891.4,891.350000
1764330158071,891.3,891.4,891.350000
1764330158347,891.3,891.4,891.350000
1764330158614,891.3,891.4,891.350000
1764330158864,891.3,891.4,891.350000
1764330159155,891.3,891.4,891.350000
1764330159424,891.3,891.4,891.350000
1764330159687,891.3,891.4,891.350000
1764330159937,891.3,891.4,891.350000
1764330160188,891.3,891.4,891.350000
1764330160454,891.3,891.4,891.350000
1764330160720,891.3,891.4,891.350000
1764330160997,891.3,891.4,891.350000
1764330161266,891.3,891.4,891.350000
1764330161518,891.3,891.4,891.350000
1764330161803,891.3,891.4,891.350000
1764330162059,891.3,891.4,891.350000
1764330162310,891.3,891.4,891.350000
1764330162594,891.3,891.4,891.350000
1764330162847,891.3,891.4,891.350000
1764330163139,891.3,891.4,891.350000
1764330163391,891.3,891.4,891.350000
1764330163674,891.3,891.4,891.350000
1764330163949,891.3,891.4,891.350000
1764330164215,891.3,891.4,891.350000
1764330164468,891.3,891.4,891.350000
1764330164720,891.3,891.4,891.350000
1764330165010,891.3,891.4,891.350000
1764330165263,891.3,891.4,891.350000
1764330165515,891.3,891.4,891.350000
1764330165769,891.3,891.4,891.350000
1764330166032,891.3,891.4,891.350000
1764330166296,891.3,891.4,891.350000
1764330166546,891.3,891.4,891.350000
1764330166845,891.3,891.4,891.350000
1764330167113,891.3,891.4,891.350000
1764330167378,891.3,891.4,891.350000
1764330167632,891.3,891.4,891.350000
1764330167917,891.3,891.4,891.350000
1764330168175,891.3,891.4,891.350000
1764330168462,891.3,891.4,891.350000
1764330168717,891.3,891.4,891.350000
1764330168967,891.3,891.4,891.350000
1764330169261,891.3,891.4,891.350000
1764330169511,891.3,891.4,891.350000
1764330169809,891.3,891.4,891.350000
1764330170061,891.3,891.4,891.350000
1764330170321,891.3,891.4,891.350000
1764330170575,891.3,891.4,891.350000
1764330170871,891.3,891.4,891.350000
1764330171122,891.3,891.4,891.350000
1764330171373,891.3,891.4,891.350000
1764330171626,891.3,891.4,891.350000
1764330171881,891.3,891.4,891.350000
1764330172133,891.3,891.4,891.350000
1764330172390,891.3,891.4,891.350000
1764330172643,891.3,891.4,891.350000
1764330172896,891.3,891.4,891.350000
1764330173152,891.2,891.3,891.250000
1764330173421,891.2,891.3,891.250000
1764330173691,891.2,891.3,891.250000
1764330173966,891.2,891.3,891.250000
1764330174240,891.2,891.3,891.250000
1764330174516,891.2,891.3,891.250000
1764330174779,891.2,891.3,891.250000
1764330175051,891.2,891.3,891.250000
1764330175321,891.2,891.3,891.250000
1764330175591,891.2,891.3,891.250000
1764330175858,891.2,891.3,891.250000
1764330176123,891.2,891.3,891.250000
1764330176392,891.2,891.3,891.250000
1764330176643,891.2,891.3,891.250000
1764330176896,891.2,891.3,891.250000
1764330177192,891.2,891.3,891.250000
1764330177491,891.2,891.3,891.250000
1764330177763,891.2,891.3,891.250000
1764330178031,891.2,891.3,891.250000
1764330178286,891.2,891.3,891.250000
1764330178568,891.2,891.3,891.250000
1764330178838,891.2,891.3,891.250000
1764330179109,891.2,891.3,891.250000
1764330179373,891.2,891.3,891.250000
1764330179644,891.2,891.3,891.250000
1764330179898,891.2,891.3,891.250000
1764330180159,891.2,891.3,891.250000
1764330180448,891.2,891.3,891.250000
1764330180700,891.2,891.3,891.250000
1764330180973,891.2,891.3,891.250000
1764330181224,891.2,891.3,891.250000
1764330181524,891.2,891.3,891.250000
1764330181824,891.1,891.2,891.150000
1764330182075,891.1,891.2,891.150000
1764330182328,891.1,891.2,891.150000
1764330182606,891.1,891.2,891.150000
1764330182863,891.1,891.2,891.150000
1764330183157,891.1,891.2,891.150000
1764330183408,891.1,891.2,891.150000
1764330183659,891.1,891.2,891.150000
1764330183927,891.1,891.2,891.150000
1764330184203,891.1,891.2,891.150000
1764330184499,891.1,891.2,891.150000
1764330184749,891.0,891.1,891.050000
1764330185000,891.0,891.1,891.050000
1764330185253,891.0,891.1,891.050000
1764330185517,891.0,891.1,891.050000
1764330185794,891.0,891.1,891.050000
1764330186062,891.0,891.1,891.050000
1764330186327,891.0,891.1,891.050000
1764330186578,891.0,891.1,891.050000
1764330186828,891.1,891.2,891.150000
1764330187080,891.1,891.2,891.150000
1764330187331,891.1,891.2,891.150000
1764330187591,891.1,891.2,891.150000
1764330187841,891.1,891.2,891.150000
1764330188142,891.1,891.2,891.150000
1764330188394,891.1,891.2,891.150000
1764330188645,891.1,891.2,891.150000
1764330188937,891.1,891.2,891.150000
1764330189189,891.1,891.2,891.150000
1764330189454,891.1,891.2,891.150000
1764330189705,891.1,891.2,891.150000
1764330189961,891.1,891.2,891.150000
1764330190211,891.1,891.2,891.150000
1764330190469,891.1,891.2,891.150000
1764330190727,891.1,891.2,891.150000
1764330190978,891.1,891.2,891.150000
1764330191248,891.1,891.2,891.150000
1764330191517,891.1,891.2,891.150000
1764330191770,891.1,891.2,891.150000
1764330192031,891.1,891.2,891.150000
1764330192325,891.1,891.2,891.150000
1764330192600,891.1,891.2,891.150000
1764330192866,891.1,891.2,891.150000
1764330193127,891.1,891.2,891.150000
1764330193377,891.1,891.2,891.150000
1764330193668,891.1,891.2,891.150000
1764330193935,891.1,891.2,891.150000
1764330194211,891.1,891.2,891.150000
1764330194468,891.1,891.2,891.150000
1764330194719,891.1,891.2,891.150000
1764330194976,891.1,891.2,891.150000
1764330195274,891.1,891.2,891.150000
1764330195529,891.1,891.2,891.150000
1764330195831,891.1,891.2,891.150000
1764330196082,891.1,891.2,891.150000
1764330196341,891.0,891.1,891.050000
1764330196591,890.9,891.0,890.950000
1764330196841,890.9,891.0,890.950000
1764330197098,890.9,891.0,890.950000
1764330197351,890.9,891.0,890.950000
1764330197607,890.9,891.0,890.950000
1764330197859,890.9,891.0,890.950000
1764330198128,890.9,891.0,890.950000
1764330198383,890.9,891.0,890.950000
1764330198672,890.9,891.0,890.950000
1764330198924,890.9,891.0,890.950000
1764330199175,890.9,891.0,890.950000
1764330199427,890.9,891.0,890.950000
1764330199681,890.9,891.0,890.950000
1764330199959,890.9,891.0,890.950000
1764330200212,890.9,891.0,890.950000
1764330200476,890.9,891.0,890.950000
1764330200727,890.9,891.0,890.950000
1764330200983,890.9,891.0,890.950000
1764330201258,890.9,891.0,890.950000
1764330201521,890.9,891.0,890.950000
1764330201773,890.9,891.0,890.950000
1764330202033,890.9,891.0,890.950000
1764330202291,890.9,891.0,890.950000
1764330202560,890.9,891.0,890.950000
1764330202837,890.9,891.0,890.950000
1764330203101,890.9,891.0,890.950000
1764330203352,890.9,891.0,890.950000
1764330203609,890.9,891.0,890.950000
1764330203859,890.9,891.0,890.950000
1764330204139,890.9,891.0,890.950000
1764330204407,890.9,891.0,890.950000
1764330204663,890.9,891.0,890.950000
1764330204936,890.9,891.0,890.950000
1764330205202,890.9,891.0,890.950000
1764330205453,890.9,891.0,890.950000
1764330205703,890.9,891.0,890.950000
1764330205986,890.9,891.0,890.950000
1764330206256,890.9,891.0,890.950000
1764330206527,890.9,891.0,890.950000
1764330206799,890.9,891.0,890.950000
1764330207057,890.9,891.0,890.950000
1764330207323,890.9,891.0,890.950000
1764330207590,890.9,891.0,890.950000
1764330207860,890.9,891.0,890.950000
1764330208112,890.9,891.0,890.950000
1764330208420,890.9,891.0,890.950000
1764330208717,890.9,891.0,890.950000
1764330208972,890.9,891.0,890.950000
1764330209234,890.9,891.0,890.950000
1764330209486,890.9,891.0,890.950000
1764330209789,890.9,891.0,890.950000
1764330210060,890.9,891.0,890.950000
1764330210329,890.9,891.0,890.950000
1764330210582,890.9,891.0,890.950000
1764330210845,890.9,891.0,890.950000
1764330211121,890.9,891.0,890.950000
1764330211382,890.9,891.0,890.950000
1764330211632,890.9,891.0,890.950000
1764330211883,890.9,891.0,890.950000
1764330212135,890.9,891.0,890.950000
1764330212386,890.9,891.0,890.950000
1764330212648,890.9,891.0,890.950000
1764330212906,890.9,891.0,890.950000
1764330213158,891.0,891.1,891.050000
1764330213410,891.0,891.1,891.050000
1764330213680,891.0,891.1,891.050000
1764330213933,891.0,891.1,891.050000
1764330214183,891.0,891.1,891.050000
1764330214438,891.0,891.1,891.050000
1764330214701,891.0,891.1,891.050000
1764330214993,891.0,891.1,891.050000
1764330215260,891.0,891.1,891.050000
1764330215525,891.0,891.1,891.050000
1764330215786,891.0,891.1,891.050000
1764330216063,891.0,891.1,891.050000
1764330216345,891.0,891.1,891.050000
1764330216595,891.0,891.1,891.050000
1764330216862,891.0,891.1,891.050000
1764330217142,891.0,891.1,891.050000
1764330217398,891.1,891.2,891.150000
1764330217666,891.1,891.2,891.150000
1764330217918,891.1,891.2,891.150000
1764330218173,891.1,891.2,891.150000
1764330218427,891.1,891.2,891.150000
1764330218684,891.1,891.2,891.150000
1764330218934,891.1,891.2,891.150000
1764330219229,891.1,891.2,891.150000
1764330219497,891.1,891.2,891.150000
1764330219776,891.1,891.2,891.150000
1764330220057,891.1,891.2,891.150000
1764330220326,891.1,891.2,891.150000
1764330220599,891.1,891.2,891.150000
1764330220868,891.1,891.2,891.150000
1764330221120,891.1,891.2,891.150000
1764330221386,891.1,891.2,891.150000
1764330221637,891.1,891.2,891.150000
1764330221940,891.1,891.2,891.150000
1764330222191,891.1,891.2,891.150000
1764330222451,891.1,891.2,891.150000
1764330222708,891.1,891.2,891.150000
1764330222965,891.1,891.2,891.150000
1764330223231,891.1,891.2,891.150000
1764330223483,891.1,891.2,891.150000
1764330223764,891.1,891.2,891.150000
1764330224019,891.1,891.2,891.150000
1764330224274,891.1,891.2,891.150000
1764330224578,891.1,891.2,891.150000
1764330224871,891.1,891.2,891.150000
1764330225123,891.1,891.2,891.150000
1764330225373,891.1,891.2,891.150000
1764330225683,891.1,891.2,891.150000
1764330225940,891.1,891.2,891.150000
1764330226243,891.1,891.2,891.150000
1764330226511,891.1,891.2,891.150000
1764330226782,891.1,891.2,891.150000
1764330227036,891.1,891.2,891.150000
1764330227321,891.1,891.2,891.150000
1764330227572,891.1,891.2,891.150000
1764330227860,891.1,891.2,891.150000
1764330228110,891.1,891.2,891.150000
1764330228361,891.1,891.2,891.150000
1764330228669,891.1,891.2,891.150000
1764330228970,891.1,891.2,891.150000
1764330229220,891.1,891.2,891.150000
1764330229506,891.1,891.2,891.150000
1764330229776,891.1,891.2,891.150000
1764330230048,891.1,891.2,891.150000
1764330230324,891.1,891.2,891.150000
1764330230599,891.1,891.2,891.150000
1764330230849,891.1,891.2,891.150000
1764330231099,891.1,891.2,891.150000
1764330231363,891.1,891.2,891.150000
1764330231622,891.1,891.2,891.150000
1764330231872,891.1,891.2,891.150000
1764330232146,891.1,891.2,891.150000
1764330232413,891.1,891.2,891.150000
1764330232698,891.1,891.2,891.150000
1764330232962,891.0,891.1,891.050000
1764330233222,891.0,891.1,891.050000
1764330233476,891.0,891.1,891.050000
1764330233758,891.0,891.1,891.050000
1764330234020,891.0,891.1,891.050000
1764330234270,891.0,891.1,891.050000
1764330234574,891.0,891.1,891.050000
1764330234862,891.0,891.1,891.050000
1764330235132,891.0,891.1,891.050000
1764330235388,891.0,891.1,891.050000
1764330235640,891.0,891.1,891.050000
1764330235898,891.0,891.1,891.050000
1764330236187,891.0,891.1,891.050000
1764330236441,891.0,891.1,891.050000
1764330236691,891.0,891.1,891.050000
1764330236984,891.0,891.1,891.050000
1764330237235,891.0,891.1,891.050000
1764330237532,891.0,891.1,891.050000
1764330237823,891.0,891.1,891.050000
1764330238088,891.0,891.1,891.050000
1764330238344,891.0,891.1,891.050000
1764330238608,891.0,891.1,891.050000
1764330238903,891.0,891.1,891.050000
1764330239174,891.0,891.1,891.050000
1764330239453,891.0,891.1,891.050000
1764330239720,891.0,891.1,891.050000
1764330239986,891.0,891.1,891.050000
1764330240238,891.0,891.1,891.050000
1764330240534,891.0,891.1,891.050000
1764330240784,891.0,891.1,891.050000
1764330241034,891.0,891.1,891.050000
1764330241284,891.0,891.1,891.050000
1764330241534,891.0,891.1,891.050000
1764330241787,891.0,891.1,891.050000
1764330242040,891.0,891.1,891.050000
1764330242295,891.0,891.1,891.050000
1764330242573,891.0,891.1,891.050000
1764330242871,891.0,891.1,891.050000
1764330243121,891.0,891.1,891.050000
1764330243372,891.0,891.1,891.050000
1764330243631,891.0,891.1,891.050000
1764330243896,891.0,891.1,891.050000
1764330244168,891.0,891.1,891.050000
1764330244429,891.0,891.1,891.050000
1764330244686,891.0,891.1,891.050000
1764330244989,891.0,891.1,891.050000
1764330245255,891.0,891.1,891.050000
1764330245526,891.0,891.1,891.050000
1764330245778,891.0,891.1,891.050000
1764330246029,891.0,891.1,891.050000
1764330246280,891.0,891.1,891.050000
1764330246530,891.1,891.2,891.150000
1764330246781,891.1,891.2,891.150000
1764330247059,891.1,891.2,891.150000
1764330247322,891.1,891.2,891.150000
1764330247621,891.1,891.2,891.150000
1764330247901,891.1,891.2,891.150000
1764330248169,891.1,891.2,891.150000
1764330248420,891.1,891.2,891.150000
1764330248672,891.1,891.2,891.150000
1764330248965,891.1,891.2,891.150000
1764330249260,891.1,891.2,891.150000
1764330249510,891.1,891.2,891.150000
1764330249760,891.1,891.2,891.150000
1764330250056,891.1,891.2,891.150000
1764330250306,891.1,891.2,891.150000
1764330250612,891.1,891.2,891.150000
1764330250863,891.1,891.2,891.150000
1764330251115,891.1,891.2,891.150000
1764330251419,891.1,891.2,891.150000
1764330251669,891.1,891.2,891.150000
1764330251965,891.1,891.2,891.150000
1764330252221,891.1,891.2,891.150000
1764330252471,891.1,891.2,891.150000
1764330252761,891.1,891.2,891.150000
1764330253019,891.1,891.2,891.150000
1764330253317,891.1,891.2,891.150000
1764330253617,891.1,891.2,891.150000
1764330253869,891.1,891.2,891.150000
1764330254157,891.1,891.2,891.150000
1764330254409,891.1,891.2,891.150000
1764330254664,891.1,891.2,891.150000
1764330254916,891.1,891.2,891.150000
1764330255221,891.1,891.2,891.150000
1764330255474,891.1,891.2,891.150000
1764330255732,891.1,891.2,891.150000
1764330256023,891.1,891.2,891.150000
1764330256289,891.1,891.2,891.150000
1764330256561,891.1,891.2,891.150000
1764330256811,891.1,891.2,891.150000
1764330257103,891.1,891.2,891.150000
1764330257369,891.1,891.2,891.150000
1764330257641,891.1,891.2,891.150000
1764330257914,891.1,891.2,891.150000
1764330258165,891.1,891.2,891.150000
1764330258416,891.1,891.2,891.150000
1764330258716,891.1,891.2,891.150000
1764330258970,891.1,891.2,891.150000
1764330259222,891.1,891.2,891.150000
1764330259510,891.1,891.2,891.150000
1764330259816,891.1,891.2,891.150000
1764330260085,891.1,891.2,891.150000
1764330260365,891.1,891.2,891.150000
1764330260642,891.1,891.2,891.150000
1764330260915,891.1,891.2,891.150000
1764330261168,891.1,891.2,891.150000
1764330261461,891.1,891.2,891.150000
1764330261711,891.1,891.2,891.150000
1764330261972,891.1,891.2,891.150000
1764330262223,891.1,891.2,891.150000
1764330262524,891.1,891.2,891.150000
1764330262814,891.1,891.2,891.150000
1764330263066,891.1,891.2,891.150000
1764330263316,891.1,891.2,891.150000
1764330263607,891.1,891.2,891.150000
1764330263893,891.1,891.2,891.150000
1764330264144,891.1,891.2,891.150000
1764330264443,891.1,891.2,891.150000
1764330264712,891.1,891.2,891.150000
1764330264996,891.1,891.2,891.150000
1764330265253,891.1,891.2,891.150000
1764330265504,891.1,891.2,891.150000
1764330265796,891.1,891.2,891.150000
1764330266047,891.1,891.2,891.150000
1764330266297,891.1,891.2,891.150000
1764330266589,891.1,891.2,891.150000
1764330266840,891.1,891.2,891.150000
1764330267122,891.1,891.2,891.150000
1764330267373,891.1,891.2,891.150000
1764330267623,891.1,891.2,891.150000
1764330267879,891.1,891.2,891.150000
1764330268152,891.1,891.2,891.150000
1764330268419,891.1,891.2,891.150000
1764330268674,891.1,891.2,891.150000
1764330268973,891.1,891.2,891.150000
1764330269225,891.1,891.2,891.150000
1764330269518,891.1,891.2,891.150000
1764330269784,891.1,891.2,891.150000
1764330270060,891.1,891.2,891.150000
1764330270328,891.1,891.2,891.150000
1764330270601,891.1,891.2,891.150000
1764330270865,891.1,891.2,891.150000
1764330271141,891.1,891.2,891.150000
1764330271418,891.1,891.2,891.150000
1764330271668,891.1,891.2,891.150000
1764330271952,891.1,891.2,891.150000
1764330272222,891.1,891.2,891.150000
1764330272473,891.1,891.2,891.150000
1764330272726,891.1,891.2,891.150000
1764330272977,891.1,891.2,891.150000
1764330273232,891.1,891.2,891.150000
1764330273492,891.1,891.2,891.150000
1764330273765,891.1,891.2,891.150000
1764330274033,891.1,891.2,891.150000
1764330274283,891.1,891.2,891.150000
1764330274575,891.1,891.2,891.150000
1764330274830,891.1,891.2,891.150000
1764330275082,891.1,891.2,891.150000
1764330275336,891.1,891.2,891.150000
1764330275643,891.1,891.2,891.150000
1764330275895,891.1,891.2,891.150000
1764330276196,891.1,891.2,891.150000
1764330276453,891.1,891.2,891.150000
1764330276710,891.1,891.2,891.150000
1764330276999,891.1,891.2,891.150000
1764330277296,891.1,891.2,891.150000
1764330277551,891.1,891.2,891.150000
1764330277843,891.1,891.2,891.150000
1764330278108,891.1,891.2,891.150000
1764330278379,891.1,891.2,891.150000
1764330278629,891.1,891.2,891.150000
1764330278918,891.1,891.2,891.150000
1764330279192,891.1,891.2,891.150000
1764330279449,891.0,891.1,891.050000
1764330279702,890.9,891.0,890.950000
1764330279971,890.9,891.0,890.950000
1764330280265,890.9,891.0,890.950000
1764330280522,890.9,891.0,890.950000
1764330280776,890.9,891.0,890.950000
1764330281068,890.9,891.0,890.950000
1764330281365,890.9,891.0,890.950000
1764330281625,890.9,891.0,890.950000
1764330281915,890.9,891.0,890.950000
1764330282168,890.9,891.0,890.950000
1764330282418,890.9,891.0,890.950000
1764330282674,890.9,891.0,890.950000
1764330282943,890.9,891.0,890.950000
1764330283213,890.9,891.0,890.950000
1764330283464,890.9,891.0,890.950000
1764330283721,890.9,891.0,890.950000
1764330284010,890.9,891.0,890.950000
1764330284298,890.9,891.0,890.950000
1764330284549,890.6,890.7,890.650000
1764330284799,890.5,890.6,890.550000
1764330285051,890.4,890.5,890.450000
1764330285302,890.4,890.5,890.450000
1764330285568,890.4,890.5,890.450000
1764330285824,890.4,890.5,890.450000
1764330286109,890.4,890.5,890.450000
1764330286412,890.4,890.5,890.450000
1764330286675,890.4,890.5,890.450000
1764330286937,890.4,890.5,890.450000
1764330287215,890.4,890.5,890.450000
1764330287467,890.4,890.5,890.450000
1764330287718,890.4,890.5,890.450000
1764330287974,890.4,890.5,890.450000
1764330288224,890.4,890.5,890.450000
1764330288476,890.4,890.5,890.450000
1764330288737,890.4,890.5,890.450000
1764330289005,890.4,890.5,890.450000
1764330289278,890.4,890.5,890.450000
1764330289528,890.4,890.5,890.450000
1764330289785,890.4,890.5,890.450000
1764330290036,890.4,890.5,890.450000
1764330290300,890.4,890.5,890.450000
1764330290553,890.4,890.5,890.450000
1764330290803,890.4,890.5,890.450000
1764330291054,890.4,890.5,890.450000
1764330291310,890.4,890.5,890.450000
1764330291596,890.4,890.5,890.450000
1764330291898,890.4,890.5,890.450000
1764330292149,890.4,890.5,890.450000
1764330292403,890.4,890.5,890.450000
1764330292691,890.5,890.6,890.550000
1764330292948,890.5,890.6,890.550000
1764330293207,890.5,890.6,890.550000
1764330293512,890.5,890.6,890.550000
1764330293762,890.5,890.6,890.550000
1764330294055,890.5,890.6,890.550000
1764330294354,890.5,890.6,890.550000
1764330294624,890.5,890.6,890.550000
1764330294878,890.5,890.6,890.550000
1764330295135,890.5,890.6,890.550000
1764330295430,890.5,890.6,890.550000
1764330295717,890.5,890.6,890.550000
1764330295974,890.5,890.6,890.550000
1764330296258,890.5,890.6,890.550000
1764330296509,890.5,890.6,890.550000
1764330296808,890.5,890.6,890.550000
1764330297074,890.5,890.6,890.550000
1764330297338,890.5,890.6,890.550000
1764330297590,890.5,890.6,890.550000
1764330297877,890.5,890.6,890.550000
1764330298145,890.5,890.6,890.550000
1764330298395,890.5,890.6,890.550000
1764330298685,890.5,890.6,890.550000
1764330298945,890.5,890.6,890.550000
1764330299197,890.5,890.6,890.550000
1764330299498,890.5,890.6,890.550000
1764330299767,890.5,890.6,890.550000
1764330300035,890.5,890.6,890.550000
1764330300285,890.5,890.6,890.550000
1764330300551,890.5,890.6,890.550000
1764330300810,890.5,890.6,890.550000
1764330301066,890.5,890.6,890.550000
1764330301388,890.5,890.6,890.550000
1764330301654,890.5,890.6,890.550000
1764330301908,890.5,890.6,890.550000
1764330302159,890.5,890.6,890.550000
1764330302449,890.5,890.6,890.550000
1764330302709,890.5,890.6,890.550000
1764330303008,890.5,890.6,890.550000
1764330303265,890.5,890.6,890.550000
1764330303515,890.7,890.8,890.750000
1764330303765,890.7,890.8,890.750000
1764330304028,890.7,890.8,890.750000
1764330304281,890.7,890.8,890.750000
1764330304568,890.7,890.8,890.750000
1764330304818,890.7,890.8,890.750000
1764330305104,890.7,890.8,890.750000
1764330305356,890.7,890.8,890.750000
1764330305642,890.7,890.8,890.750000
1764330305895,890.7,890.8,890.750000
1764330306146,890.7,890.8,890.750000
1764330306448,890.7,890.8,890.750000
1764330306708,890.7,890.8,890.750000
1764330306983,890.7,890.8,890.750000
1764330307233,890.7,890.8,890.750000
1764330307522,890.7,890.8,890.750000
1764330307816,890.7,890.8,890.750000
1764330308085,890.7,890.8,890.750000
1764330308353,890.7,890.8,890.750000
1764330308618,890.7,890.8,890.750000
1764330308869,890.7,890.8,890.750000
1764330309119,890.7,890.8,890.750000
1764330309405,890.7,890.8,890.750000
1764330309661,890.7,890.8,890.750000
1764330309956,890.7,890.8,890.750000
1764330310243,890.7,890.8,890.750000
1764330310503,890.7,890.8,890.750000
1764330310762,890.7,890.8,890.750000
1764330311052,890.7,890.8,890.750000
1764330311303,890.7,890.8,890.750000
1764330311598,890.7,890.8,890.750000
1764330311848,890.7,890.8,890.750000
1764330312100,890.7,890.8,890.750000
1764330312394,890.7,890.8,890.750000
1764330312688,890.7,890.8,890.750000
1764330312939,890.7,890.8,890.750000
1764330313192,890.7,890.8,890.750000
1764330313453,890.7,890.8,890.750000
1764330313743,890.7,890.8,890.750000
1764330313993,890.7,890.8,890.750000
1764330314252,890.7,890.8,890.750000
1764330314556,890.7,890.8,890.750000
1764330314807,890.7,890.8,890.750000
1764330315059,890.7,890.8,890.750000
1764330315311,890.7,890.8,890.750000
1764330315563,890.7,890.8,890.750000
1764330315827,890.7,890.8,890.750000
1764330316104,890.7,890.8,890.750000
1764330316360,890.7,890.8,890.750000
1764330316645,890.7,890.8,890.750000
1764330316900,890.7,890.8,890.750000
1764330317151,890.7,890.8,890.750000
1764330317403,890.7,890.8,890.750000
1764330317655,890.7,890.8,890.750000
1764330317941,890.7,890.8,890.750000
1764330318193,890.7,890.8,890.750000
1764330318497,890.7,890.8,890.750000
1764330318798,890.7,890.8,890.750000
1764330319050,890.7,890.8,890.750000
1764330319300,890.7,890.8,890.750000
1764330319550,890.7,890.8,890.750000
1764330319803,890.8,890.9,890.850000
1764330320069,890.8,890.9,890.850000
1764330320321,890.9,891.0,890.950000
1764330320601,890.9,891.0,890.950000
1764330320863,890.9,891.0,890.950000
1764330321115,890.9,891.0,890.950000
1764330321397,890.9,891.0,890.950000
1764330321647,890.9,891.0,890.950000
1764330321933,890.9,891.0,890.950000
1764330322186,890.9,891.0,890.950000
1764330322442,890.9,891.0,890.950000
1764330322727,890.9,891.0,890.950000
1764330322979,890.9,891.0,890.950000
1764330323288,890.9,891.0,890.950000
1764330323577,890.9,891.0,890.950000
1764330323848,890.9,891.0,890.950000
1764330324126,890.9,891.0,890.950000
1764330324376,890.9,891.0,890.950000
1764330324667,890.9,891.0,890.950000
1764330324936,890.9,891.0,890.950000
1764330325199,890.9,891.0,890.950000
1764330325465,890.9,891.0,890.950000
1764330325722,890.9,891.0,890.950000
1764330326006,890.9,891.0,890.950000
1764330326299,890.9,891.0,890.950000
1764330326550,890.9,891.0,890.950000
1764330326801,890.9,891.0,890.950000
1764330327093,890.9,891.0,890.950000
1764330327343,890.9,891.0,890.950000
1764330327628,890.9,891.0,890.950000
1764330327878,890.9,891.0,890.950000
1764330328166,890.9,891.0,890.950000
1764330328461,890.9,891.0,890.950000
1764330328716,890.9,891.0,890.950000
1764330328994,890.9,891.0,890.950000
1764330329258,890.9,891.0,890.950000
1764330329530,890.9,891.0,890.950000
1764330329802,890.9,891.0,890.950000
1764330330074,890.9,891.0,890.950000
1764330330325,890.9,891.0,890.950000
1764330330609,890.9,891.0,890.950000
1764330330859,890.9,891.0,890.950000
1764330331112,890.9,891.0,890.950000
1764330331362,890.9,891.0,890.950000
1764330331659,890.9,891.0,890.950000
1764330331911,890.9,891.0,890.950000
1764330332217,890.9,891.0,890.950000
1764330332470,890.9,891.0,890.950000
1764330332755,890.9,891.0,890.950000
1764330333007,890.9,891.0,890.950000
1764330333260,890.9,891.0,890.950000
1764330333510,890.9,891.0,890.950000
1764330333801,890.9,891.0,890.950000
1764330334054,890.9,891.0,890.950000
1764330334305,890.9,891.0,890.950000
1764330334556,890.9,891.0,890.950000
1764330334851,890.9,891.0,890.950000
1764330335102,890.9,891.0,890.950000
1764330335358,890.9,891.0,890.950000
1764330335614,890.9,891.0,890.950000
1764330335865,890.9,891.0,890.950000
1764330336115,890.9,891.0,890.950000
1764330336413,890.9,891.0,890.950000
1764330336664,890.9,891.0,890.950000
1764330336933,890.9,891.0,890.950000
1764330337191,890.9,891.0,890.950000
1764330337491,890.9,891.0,890.950000
1764330337743,891.0,891.1,891.050000
1764330337994,891.0,891.1,891.050000
1764330338247,891.0,891.1,891.050000
1764330338498,891.0,891.1,891.050000
1764330338748,891.0,891.1,891.050000
1764330338998,891.0,891.1,891.050000
1764330339300,891.0,891.1,891.050000
1764330339577,891.0,891.1,891.050000
1764330339844,891.0,891.1,891.050000
1764330340094,891.0,891.1,891.050000
1764330340348,891.0,891.1,891.050000
1764330340599,891.0,891.1,891.050000
1764330340855,891.0,891.1,891.050000
1764330341106,891.0,891.1,891.050000
1764330341380,891.0,891.1,891.050000
1764330341630,891.0,891.1,891.050000
1764330341880,891.0,891.1,891.050000
1764330342168,891.0,891.1,891.050000
1764330342422,891.0,891.1,891.050000
1764330342689,891.0,891.1,891.050000
1764330342952,891.0,891.1,891.050000
1764330343203,891.0,891.1,891.050000
1764330343456,891.0,891.1,891.050000
1764330343710,891.0,891.1,891.050000
1764330343991,891.0,891.1,891.050000
1764330344254,891.0,891.1,891.050000
1764330344504,891.0,891.1,891.050000
1764330344804,891.0,891.1,891.050000
1764330345054,891.0,891.1,891.050000
1764330345332,891.0,891.1,891.050000
1764330345603,891.0,891.1,891.050000
1764330345855,891.0,891.1,891.050000
1764330346105,891.0,891.1,891.050000
1764330346355,891.0,891.1,891.050000
1764330346606,891.0,891.1,891.050000
1764330346865,891.0,891.1,891.050000
1764330347136,891.0,891.1,891.050000
1764330347392,891.0,891.1,891.050000
1764330347674,891.0,891.1,891.050000
1764330347928,891.0,891.1,891.050000
1764330348223,891.0,891.1,891.050000
1764330348473,891.0,891.1,891.050000
1764330348764,891.0,891.1,891.050000
1764330349032,891.0,891.1,891.050000
1764330349302,891.0,891.1,891.050000
1764330349585,891.0,891.1,891.050000
1764330349862,891.0,891.1,891.050000
1764330350124,891.0,891.1,891.050000
1764330350387,891.0,891.1,891.050000
1764330350672,891.0,891.1,891.050000
1764330350941,891.0,891.1,891.050000
1764330351214,891.0,891.1,891.050000
1764330351482,891.0,891.1,891.050000
1764330351754,891.0,891.1,891.050000
1764330352021,891.0,891.1,891.050000
1764330352291,891.0,891.1,891.050000
1764330352565,891.0,891.1,891.050000
1764330352815,891.0,891.1,891.050000
1764330353097,891.0,891.1,891.050000
1764330353350,891.0,891.1,891.050000
1764330353645,891.0,891.1,891.050000
1764330353917,891.0,891.1,891.050000
1764330354181,891.0,891.1,891.050000
1764330354444,891.0,891.1,891.050000
1764330354707,891.0,891.1,891.050000
1764330354968,891.1,891.2,891.150000
1764330355220,891.2,891.3,891.250000
1764330355470,891.2,891.3,891.250000
1764330355721,891.2,891.3,891.250000
1764330355971,891.2,891.3,891.250000
1764330356225,891.2,891.3,891.250000
1764330356501,891.2,891.3,891.250000
1764330356756,891.2,891.3,891.250000
1764330357057,891.2,891.3,891.250000
1764330357307,891.2,891.3,891.250000
1764330357558,891.2,891.3,891.250000
1764330357824,891.2,891.3,891.250000
1764330358127,891.2,891.3,891.250000
1764330358384,891.2,891.3,891.250000
1764330358636,891.2,891.3,891.250000
1764330358937,891.2,891.3,891.250000
1764330359189,891.2,891.3,891.250000
1764330359445,891.2,891.3,891.250000
1764330359730,891.2,891.3,891.250000
1764330360004,891.2,891.3,891.250000
1764330360259,891.2,891.3,891.250000
1764330360510,891.2,891.3,891.250000
1764330360770,891.2,891.3,891.250000
1764330361062,891.2,891.3,891.250000
1764330361312,891.2,891.3,891.250000
1764330361599,891.2,891.3,891.250000
1764330361850,891.2,891.3,891.250000
1764330362145,891.2,891.3,891.250000
1764330362407,891.2,891.3,891.250000
1764330362657,891.2,891.3,891.250000
1764330362950,891.2,891.3,891.250000
1764330363213,891.2,891.3,891.250000
1764330363464,891.2,891.3,891.250000
1764330363735,891.2,891.3,891.250000
1764330364009,891.2,891.3,891.250000
1764330364288,891.2,891.3,891.250000
1764330364539,891.2,891.3,891.250000
1764330364826,891.2,891.3,891.250000
1764330365085,891.2,891.3,891.250000
1764330365338,891.2,891.3,891.250000
1764330365589,891.2,891.3,891.250000
1764330365843,891.2,891.3,891.250000
1764330366129,891.2,891.3,891.250000
1764330366379,891.2,891.3,891.250000
1764330366661,891.2,891.3,891.250000
1764330366926,891.2,891.3,891.250000
1764330367197,891.2,891.3,891.250000
1764330367447,891.2,891.3,891.250000
1764330367737,891.2,891.3,891.250000
1764330367990,891.2,891.3,891.250000
1764330368273,891.2,891.3,891.250000
1764330368527,891.2,891.3,891.250000
1764330368782,891.2,891.3,891.250000
1764330369033,891.2,891.3,891.250000
1764330369317,891.2,891.3,891.250000
1764330369574,891.2,891.3,891.250000
1764330369826,891.2,891.3,891.250000
1764330370080,891.2,891.3,891.250000
1764330370351,891.2,891.3,891.250000
1764330370620,891.2,891.3,891.250000
1764330370874,891.2,891.3,891.250000
1764330371139,891.2,891.3,891.250000
1764330371411,891.2,891.3,891.250000
1764330371664,891.2,891.3,891.250000
1764330371914,891.2,891.3,891.250000
1764330372165,891.2,891.3,891.250000
1764330372416,891.2,891.3,891.250000
1764330372683,891.2,891.3,891.250000
1764330372934,891.2,891.3,891.250000
1764330373236,891.2,891.3,891.250000
1764330373538,891.2,891.3,891.250000
1764330373792,891.2,891.3,891.250000
1764330374046,891.2,891.3,891.250000
1764330374300,891.2,891.3,891.250000
1764330374582,891.2,891.3,891.250000
1764330374833,891.2,891.3,891.250000
1764330375098,891.2,891.3,891.250000
1764330375373,891.2,891.3,891.250000
1764330375624,891.2,891.3,891.250000
1764330375879,891.2,891.3,891.250000
1764330376159,891.2,891.3,891.250000
1764330376420,891.2,891.3,891.250000
1764330376719,891.2,891.3,891.250000
1764330376971,891.2,891.3,891.250000
1764330377259,891.2,891.3,891.250000
1764330377511,891.2,891.3,891.250000
1764330377803,891.2,891.3,891.250000
1764330378057,891.2,891.3,891.250000
1764330378313,891.2,891.3,891.250000
1764330378604,891.2,891.3,891.250000
1764330378857,891.2,891.3,891.250000
1764330379143,891.2,891.3,891.250000
1764330379437,891.2,891.3,891.250000
1764330379687,891.2,891.3,891.250000
1764330379979,891.2,891.3,891.250000
1764330380244,891.2,891.3,891.250000
1764330380516,891.2,891.3,891.250000
1764330380786,891.2,891.3,891.250000
1764330381047,891.2,891.3,891.250000
1764330381300,891.2,891.3,891.250000
1764330381609,891.2,891.3,891.250000
1764330381859,891.2,891.3,891.250000
1764330382112,891.2,891.3,891.250000
1764330382401,891.2,891.3,891.250000
1764330382652,891.2,891.3,891.250000
1764330382947,891.2,891.3,891.250000
1764330383201,891.2,891.3,891.250000
1764330383452,891.2,891.3,891.250000
1764330383707,891.2,891.3,891.250000
1764330383965,891.2,891.3,891.250000
1764330384220,891.2,891.3,891.250000
1764330384476,891.2,891.3,891.250000
1764330384726,891.2,891.3,891.250000
1764330385020,891.2,891.3,891.250000
1764330385271,891.2,891.3,891.250000
1764330385543,891.2,891.3,891.250000
1764330385805,891.2,891.3,891.250000
1764330386058,891.2,891.3,891.250000
1764330386310,891.2,891.3,891.250000
1764330386598,891.2,891.3,891.250000
1764330386864,891.2,891.3,891.250000
1764330387136,891.2,891.3,891.250000
1764330387399,891.2,891.3,891.250000
1764330387650,891.2,891.3,891.250000
1764330387942,891.2,891.3,891.250000
1764330388207,891.2,891.3,891.250000
1764330388461,891.2,891.3,891.250000
1764330388714,891.2,891.3,891.250000
1764330388996,891.2,891.3,891.250000
1764330389288,891.2,891.3,891.250000
1764330389538,891.2,891.3,891.250000
1764330389815,891.2,891.3,891.250000
1764330390081,891.3,891.4,891.350000
1764330390331,891.3,891.4,891.350000
1764330390591,891.3,891.4,891.350000
1764330390841,891.3,891.4,891.350000
1764330391136,891.3,891.4,891.350000
1764330391397,891.3,891.4,891.350000
1764330391674,891.3,891.4,891.350000
1764330391960,891.3,891.4,891.350000
1764330392210,891.3,891.4,891.350000
1764330392472,891.3,891.4,891.350000
1764330392760,891.3,891.4,891.350000
1764330393046,891.3,891.4,891.350000
1764330393301,891.3,891.4,891.350000
1764330393601,891.3,891.4,891.350000
1764330393860,891.3,891.4,891.350000
1764330394110,891.3,891.4,891.350000
1764330394366,891.3,891.4,891.350000
1764330394661,891.3,891.4,891.350000
1764330394912,891.3,891.4,891.350000
1764330395164,891.3,891.4,891.350000
1764330395443,891.3,891.4,891.350000
1764330395693,891.3,891.4,891.350000
1764330395993,891.3,891.4,891.350000
1764330396247,891.3,891.4,891.350000
1764330396500,891.3,891.4,891.350000
1764330396761,891.3,891.4,891.350000
1764330397012,891.3,891.4,891.350000
1764330397265,891.3,891.4,891.350000
1764330397516,891.3,891.4,891.350000
1764330397768,891.3,891.4,891.350000
1764330398050,891.3,891.4,891.350000
1764330398356,891.3,891.4,891.350000
1764330398607,891.3,891.4,891.350000
1764330398860,891.3,891.4,891.350000
1764330399114,891.3,891.4,891.350000
1764330399367,891.3,891.4,891.350000
1764330399619,891.3,891.4,891.350000
1764330399918,891.3,891.4,891.350000
1764330400174,891.3,891.4,891.350000
1764330400474,891.3,891.4,891.350000
1764330400770,891.3,891.4,891.350000
1764330401020,891.3,891.4,891.350000
1764330401288,891.3,891.4,891.350000
1764330401542,891.3,891.4,891.350000
1764330401832,891.3,891.4,891.350000
1764330402209,891.3,891.4,891.350000
1764330402459,891.3,891.4,891.350000
1764330402726,891.3,891.4,891.350000
1764330402986,891.3,891.4,891.350000
1764330403285,891.3,891.4,891.350000
1764330403540,891.3,891.4,891.350000
1764330403817,891.3,891.4,891.350000
1764330404069,891.3,891.4,891.350000
1764330404355,891.3,891.4,891.350000
1764330404608,891.3,891.4,891.350000
1764330404903,891.3,891.4,891.350000
1764330405170,891.3,891.4,891.350000
1764330405437,891.3,891.4,891.350000
1764330405731,891.3,891.4,891.350000
1764330405999,891.3,891.4,891.350000
1764330406264,891.3,891.4,891.350000
1764330406522,891.3,891.4,891.350000
1764330406774,891.3,891.4,891.350000
1764330407065,891.3,891.4,891.350000
1764330407333,891.3,891.4,891.350000
1764330407603,891.3,891.4,891.350000
1764330407871,891.3,891.4,891.350000
1764330408137,891.3,891.4,891.350000
1764330408388,891.3,891.4,891.350000
1764330408639,891.3,891.4,891.350000
1764330408889,891.3,891.4,891.350000
1764330409144,891.3,891.4,891.350000
1764330409398,891.3,891.4,891.350000
1764330409660,891.3,891.4,891.350000
1764330409928,891.3,891.4,891.350000
1764330410179,891.3,891.4,891.350000
1764330410463,891.3,891.4,891.350000
1764330410740,891.3,891.4,891.350000
1764330411007,891.3,891.4,891.350000
1764330411261,891.3,891.4,891.350000
1764330411513,891.3,891.4,891.350000
1764330411794,891.3,891.4,891.350000
1764330412084,891.3,891.4,891.350000
1764330412357,891.3,891.4,891.350000
1764330412627,891.4,891.5,891.450000
1764330412877,891.4,891.5,891.450000
1764330413164,891.4,891.5,891.450000
1764330413414,891.4,891.5,891.450000
1764330413665,891.4,891.5,891.450000
1764330413918,891.4,891.5,891.450000
1764330414187,891.4,891.5,891.450000
1764330414491,891.4,891.5,891.450000
1764330414784,891.4,891.5,891.450000
1764330415058,891.4,891.5,891.450000
1764330415328,891.4,891.5,891.450000
1764330415592,891.4,891.5,891.450000
1764330415863,891.4,891.5,891.450000
1764330416132,891.4,891.5,891.450000
1764330416394,891.4,891.5,891.450000
1764330416664,891.4,891.5,891.450000
1764330416929,891.4,891.5,891.450000
1764330417192,891.4,891.5,891.450000
1764330417467,891.4,891.5,891.450000
1764330417737,891.4,891.5,891.450000
1764330418007,891.4,891.5,891.450000
1764330418259,891.4,891.5,891.450000
1764330418553,891.4,891.5,891.450000
1764330418820,891.4,891.5,891.450000
1764330419086,891.4,891.5,891.450000
1764330419337,891.4,891.5,891.450000
1764330419591,891.4,891.5,891.450000
1764330419883,891.4,891.5,891.450000
1764330420146,891.4,891.5,891.450000
1764330420402,891.4,891.5,891.450000
1764330420664,891.4,891.5,891.450000
1764330420921,891.4,891.5,891.450000
1764330421190,891.4,891.5,891.450000
1764330421482,891.4,891.5,891.450000
1764330421732,891.3,891.4,891.350000
1764330421982,891.3,891.4,891.350000
1764330422249,891.3,891.4,891.350000
1764330422522,891.3,891.4,891.350000
1764330422799,891.3,891.4,891.350000
1764330423052,891.3,891.4,891.350000
1764330423363,891.3,891.4,891.350000
1764330423617,891.3,891.4,891.350000
1764330423905,891.3,891.4,891.350000
1764330424201,891.3,891.4,891.350000
1764330424451,891.3,891.4,891.350000
1764330424738,891.3,891.4,891.350000
1764330424989,891.3,891.4,891.350000
1764330425282,891.3,891.4,891.350000
1764330425535,891.3,891.4,891.350000
1764330425822,891.3,891.4,891.350000
1764330426096,891.3,891.4,891.350000
1764330426366,891.3,891.4,891.350000
1764330426619,891.3,891.4,891.350000
1764330426875,891.3,891.4,891.350000
1764330427151,891.3,891.4,891.350000
1764330427406,891.3,891.4,891.350000
1764330427656,891.3,891.4,891.350000
1764330427946,891.3,891.4,891.350000
1764330428197,891.3,891.4,891.350000
1764330428484,891.3,891.4,891.350000
1764330428736,891.3,891.4,891.350000
1764330429045,891.3,891.4,891.350000
1764330429297,891.3,891.4,891.350000
1764330429587,891.3,891.4,891.350000
1764330429839,891.3,891.4,891.350000
1764330430130,891.3,891.4,891.350000
1764330430381,891.3,891.4,891.350000
1764330430674,891.3,891.4,891.350000
1764330430970,891.3,891.4,891.350000
1764330431223,891.3,891.4,891.350000
1764330431509,891.3,891.4,891.350000
1764330431759,891.3,891.4,891.350000
1764330432016,891.3,891.4,891.350000
1764330432285,891.3,891.4,891.350000
1764330432535,891.3,891.4,891.350000
1764330432829,891.3,891.4,891.350000
1764330433130,891.3,891.4,891.350000
1764330433382,891.3,891.4,891.350000
1764330433638,891.3,891.4,891.350000
1764330433939,891.3,891.4,891.350000
1764330434191,891.3,891.4,891.350000
1764330434478,891.3,891.4,891.350000
1764330434730,891.3,891.4,891.350000
1764330434982,891.3,891.4,891.350000
1764330435256,891.3,891.4,891.350000
1764330435511,891.3,891.4,891.350000
1764330435802,891.3,891.4,891.350000
1764330436095,891.3,891.4,891.350000
1764330436358,891.3,891.4,891.350000
1764330436615,891.3,891.4,891.350000
1764330436907,891.3,891.4,891.350000
1764330437158,891.3,891.4,891.350000
1764330437448,891.3,891.4,891.350000
1764330437720,891.3,891.4,891.350000
1764330437987,891.3,891.4,891.350000
1764330438238,891.3,891.4,891.350000
1764330438489,891.3,891.4,891.350000
1764330438745,891.3,891.4,891.350000
1764330439044,891.3,891.4,891.350000
1764330439294,891.3,891.4,891.350000
1764330439544,891.3,891.4,891.350000
1764330439855,891.3,891.4,891.350000
1764330440111,891.3,891.4,891.350000
1764330440361,891.3,891.4,891.350000
1764330440629,891.3,891.4,891.350000
1764330440882,891.3,891.4,891.350000
1764330441166,891.3,891.4,891.350000
1764330441434,891.3,891.4,891.350000
1764330441698,891.3,891.4,891.350000
1764330441967,891.3,891.4,891.350000
1764330442234,891.3,891.4,891.350000
1764330442484,891.3,891.4,891.350000
1764330442734,891.3,891.4,891.350000
1764330443020,891.3,891.4,891.350000
1764330443274,891.3,891.4,891.350000
1764330443527,891.3,891.4,891.350000
1764330443827,891.3,891.4,891.350000
1764330444077,891.3,891.4,891.350000
1764330444372,891.3,891.4,891.350000
1764330444623,891.3,891.4,891.350000
1764330444898,891.3,891.4,891.350000
1764330445149,891.3,891.4,891.350000
1764330445405,891.3,891.4,891.350000
1764330445657,891.3,891.4,891.350000
1764330445918,891.3,891.4,891.350000
1764330446170,891.3,891.4,891.350000
1764330446430,891.3,891.4,891.350000
1764330446702,891.3,891.4,891.350000
1764330446956,891.3,891.4,891.350000
1764330447226,891.2,891.3,891.250000
1764330447476,891.1,891.2,891.150000
1764330447731,891.1,891.2,891.150000
1764330447985,891.1,891.2,891.150000
1764330448239,891.1,891.2,891.150000
1764330448490,891.1,891.2,891.150000
1764330448744,891.1,891.2,891.150000
1764330448996,891.1,891.2,891.150000
1764330449255,891.1,891.2,891.150000
1764330449532,891.1,891.2,891.150000
1764330449783,891.1,891.2,891.150000
1764330450058,891.1,891.2,891.150000
1764330450355,891.1,891.2,891.150000
1764330450606,891.1,891.2,891.150000
1764330450902,891.1,891.2,891.150000
1764330451171,891.1,891.2,891.150000
1764330451421,891.2,891.3,891.250000
1764330451672,891.2,891.3,891.250000
1764330451958,891.2,891.3,891.250000
1764330452217,891.2,891.3,891.250000
1764330452468,891.2,891.3,891.250000
1764330452768,891.2,891.3,891.250000
1764330453019,891.2,891.3,891.250000
1764330453311,891.2,891.3,891.250000
1764330453563,891.2,891.3,891.250000
1764330453900,891.2,891.3,891.250000
1764330454159,891.2,891.3,891.250000
1764330454413,891.2,891.3,891.250000
1764330454708,891.2,891.3,891.250000
1764330455003,891.2,891.3,891.250000
1764330455253,891.2,891.3,891.250000
1764330455504,891.2,891.3,891.250000
1764330455780,891.2,891.3,891.250000
1764330456032,891.2,891.3,891.250000
1764330456283,891.2,891.3,891.250000
1764330456544,891.2,891.3,891.250000
1764330456795,891.2,891.3,891.250000
1764330457046,891.2,891.3,891.250000
1764330457341,891.2,891.3,891.250000
1764330457592,891.2,891.3,891.250000
1764330457872,891.2,891.3,891.250000
1764330458161,891.2,891.3,891.250000
1764330458412,891.2,891.3,891.250000
1764330458706,891.2,891.3,891.250000
1764330458959,891.2,891.3,891.250000
1764330459218,891.2,891.3,891.250000
1764330459486,891.2,891.3,891.250000
1764330459736,891.2,891.3,891.250000
1764330460033,891.2,891.3,891.250000
1764330460311,891.2,891.3,891.250000
1764330460563,891.2,891.3,891.250000
1764330460821,891.2,891.3,891.250000
1764330461078,891.2,891.3,891.250000
1764330461375,891.2,891.3,891.250000
1764330461625,891.2,891.3,891.250000
1764330461916,891.2,891.3,891.250000
1764330462173,891.2,891.3,891.250000
1764330462435,891.2,891.3,891.250000
1764330462736,891.2,891.3,891.250000
1764330463033,891.2,891.3,891.250000
1764330463283,891.2,891.3,891.250000
1764330463571,891.2,891.3,891.250000
1764330463822,891.2,891.3,891.250000
1764330464115,891.2,891.3,891.250000
1764330464366,891.2,891.3,891.250000
1764330464648,891.2,891.3,891.250000
1764330464900,891.2,891.3,891.250000
1764330465171,891.2,891.3,891.250000
1764330465421,891.2,891.3,891.250000
1764330465703,891.2,891.3,891.250000
1764330465958,891.2,891.3,891.250000
1764330466252,891.1,891.2,891.150000
1764330466502,891.1,891.2,891.150000
1764330466764,891.1,891.2,891.150000
1764330467015,891.1,891.2,891.150000
1764330467268,891.1,891.2,891.150000
1764330467528,891.1,891.2,891.150000
1764330467778,891.1,891.2,891.150000
1764330468044,891.1,891.2,891.150000
1764330468311,891.1,891.2,891.150000
1764330468607,891.1,891.2,891.150000
1764330468881,891.1,891.2,891.150000
1764330469152,891.1,891.2,891.150000
1764330469416,891.1,891.2,891.150000
1764330469695,891.1,891.2,891.150000
1764330469945,891.1,891.2,891.150000
1764330470231,891.1,891.2,891.150000
1764330470486,891.1,891.2,891.150000
1764330470746,891.1,891.2,891.150000
1764330471028,891.1,891.2,891.150000
1764330471299,891.1,891.2,891.150000
1764330471549,891.1,891.2,891.150000
1764330471825,891.1,891.2,891.150000
1764330472101,891.1,891.2,891.150000
1764330472382,891.1,891.2,891.150000
1764330472635,891.1,891.2,891.150000
1764330472921,891.1,891.2,891.150000
1764330473191,891.1,891.2,891.150000
1764330473467,891.1,891.2,891.150000
1764330473724,891.1,891.2,891.150000
1764330473976,891.1,891.2,891.150000
1764330474228,891.1,891.2,891.150000
1764330474482,891.1,891.2,891.150000
1764330474792,891.1,891.2,891.150000
1764330475044,891.1,891.2,891.150000
1764330475296,891.1,891.2,891.150000
1764330475592,891.1,891.2,891.150000
1764330475846,891.1,891.2,891.150000
1764330476135,891.1,891.2,891.150000
1764330476385,891.1,891.2,891.150000
1764330476642,891.1,891.2,891.150000
1764330476921,891.1,891.2,891.150000
1764330477218,891.1,891.2,891.150000
1764330477470,891.1,891.2,891.150000
1764330477724,891.1,891.2,891.150000
1764330477974,891.1,891.2,891.150000
1764330478237,891.1,891.2,891.150000
1764330478510,891.1,891.2,891.150000
1764330478761,891.1,891.2,891.150000
1764330479053,891.1,891.2,891.150000
1764330479308,891.1,891.2,891.150000
1764330479594,891.1,891.2,891.150000
1764330479862,891.1,891.2,891.150000
1764330480134,891.1,891.2,891.150000
1764330480398,891.1,891.2,891.150000
1764330480654,891.1,891.2,891.150000
1764330480905,891.1,891.2,891.150000
1764330481157,891.1,891.2,891.150000
1764330481431,891.1,891.2,891.150000
1764330481685,891.1,891.2,891.150000
1764330481950,891.1,891.2,891.150000
1764330482208,891.1,891.2,891.150000
1764330482505,891.1,891.2,891.150000
1764330482769,891.1,891.2,891.150000
1764330483020,891.1,891.2,891.150000
1764330483281,891.1,891.2,891.150000
1764330483590,891.1,891.2,891.150000
1764330483841,891.1,891.2,891.150000
1764330484130,891.1,891.2,891.150000
1764330484428,891.1,891.2,891.150000
1764330484679,891.1,891.2,891.150000
1764330484965,891.1,891.2,891.150000
1764330485231,891.1,891.2,891.150000
1764330485487,891.1,891.2,891.150000
1764330485745,891.1,891.2,891.150000
1764330485995,891.1,891.2,891.150000
1764330486248,891.1,891.2,891.150000
1764330486510,891.1,891.2,891.150000
1764330486787,891.1,891.2,891.150000
1764330487059,891.1,891.2,891.150000
1764330487328,891.1,891.2,891.150000
1764330487603,891.1,891.2,891.150000
1764330487873,891.1,891.2,891.150000
1764330488141,891.1,891.2,891.150000
1764330488393,891.1,891.2,891.150000
1764330488682,891.1,891.2,891.150000
1764330488933,891.1,891.2,891.150000
1764330489186,891.1,891.2,891.150000
1764330489458,891.1,891.2,891.150000
1764330489711,891.1,891.2,891.150000
1764330490000,891.1,891.2,891.150000
1764330490268,891.1,891.2,891.150000
1764330490528,891.1,891.2,891.150000
1764330490778,891.1,891.2,891.150000
1764330491041,891.1,891.2,891.150000
1764330491310,891.1,891.2,891.150000
1764330491562,891.1,891.2,891.150000
1764330491821,891.1,891.2,891.150000
1764330492113,891.1,891.2,891.150000
1764330492363,891.1,891.2,891.150000
1764330492664,891.1,891.2,891.150000
1764330492962,891.1,891.2,891.150000
1764330493232,891.1,891.2,891.150000
1764330493506,891.1,891.2,891.150000
1764330493776,891.1,891.2,891.150000
1764330494032,891.1,891.2,891.150000
1764330494309,891.1,891.2,891.150000
1764330494585,891.1,891.2,891.150000
1764330494845,891.1,891.2,891.150000
1764330495137,891.1,891.2,891.150000
1764330495389,891.1,891.2,891.150000
1764330495640,891.1,891.2,891.150000
1764330495899,891.2,891.3,891.250000
1764330496182,891.2,891.3,891.250000
1764330496432,891.2,891.3,891.250000
1764330496686,891.2,891.3,891.250000
1764330496960,891.2,891.3,891.250000
1764330497213,891.2,891.3,891.250000
1764330497464,891.2,891.3,891.250000
1764330497766,891.2,891.3,891.250000
1764330498019,891.2,891.3,891.250000
1764330498272,891.2,891.3,891.250000
1764330498563,891.2,891.3,891.250000
1764330498814,891.2,891.3,891.250000
1764330499107,891.2,891.3,891.250000
1764330499357,891.2,891.3,891.250000
1764330499647,891.2,891.3,891.250000
1764330499899,891.2,891.3,891.250000
1764330500185,891.2,891.3,891.250000
1764330500438,891.2,891.3,891.250000
1764330500690,891.2,891.3,891.250000
1764330500941,891.2,891.3,891.250000
1764330501210,891.2,891.3,891.250000
1764330501460,891.2,891.3,891.250000
1764330501714,891.2,891.3,891.250000
1764330502012,891.2,891.3,891.250000
1764330502263,891.2,891.3,891.250000
1764330502516,891.1,891.2,891.150000
1764330502808,891.1,891.2,891.150000
1764330503089,891.1,891.2,891.150000
1764330503345,891.1,891.2,891.150000
1764330503601,891.1,891.2,891.150000
1764330503890,891.1,891.2,891.150000
1764330504143,891.1,891.2,891.150000
1764330504399,891.1,891.2,891.150000
1764330504655,891.1,891.2,891.150000
1764330504921,891.1,891.2,891.150000
1764330505172,891.1,891.2,891.150000
1764330505442,891.1,891.2,891.150000
1764330505712,891.1,891.2,891.150000
1764330505993,891.1,891.2,891.150000
1764330506268,891.1,891.2,891.150000
1764330506522,891.1,891.2,891.150000
1764330506778,891.1,891.2,891.150000
1764330507050,891.1,891.2,891.150000
1764330507300,891.1,891.2,891.150000
1764330507588,891.1,891.2,891.150000
1764330507844,891.1,891.2,891.150000
1764330508128,891.1,891.2,891.150000
1764330508424,891.1,891.2,891.150000
1764330508730,891.1,891.2,891.150000
1764330508999,891.1,891.2,891.150000
1764330509255,891.1,891.2,891.150000
1764330509516,891.1,891.2,891.150000
1764330509768,891.1,891.2,891.150000
1764330510050,891.1,891.2,891.150000
1764330510302,891.1,891.2,891.150000
1764330510552,891.1,891.2,891.150000
1764330510818,891.1,891.2,891.150000
1764330511086,891.1,891.2,891.150000
1764330511338,891.1,891.2,891.150000
1764330511625,891.1,891.2,891.150000
1764330511878,891.1,891.2,891.150000
1764330512128,891.1,891.2,891.150000
1764330512381,891.1,891.2,891.150000
1764330512664,891.1,891.2,891.150000
1764330512914,891.1,891.2,891.150000
1764330513207,891.1,891.2,891.150000
1764330513463,891.1,891.2,891.150000
1764330513746,891.1,891.2,891.150000
1764330513996,891.1,891.2,891.150000
1764330514247,891.1,891.2,891.150000
1764330514508,891.1,891.2,891.150000
1764330514773,891.1,891.2,891.150000
1764330515023,891.1,891.2,891.150000
1764330515280,891.1,891.2,891.150000
1764330515530,891.1,891.2,891.150000
1764330515790,891.1,891.2,891.150000
1764330516063,891.1,891.2,891.150000
1764330516366,891.1,891.2,891.150000
1764330516652,891.1,891.2,891.150000
1764330516905,891.1,891.2,891.150000
1764330517197,891.1,891.2,891.150000
1764330517447,891.1,891.2,891.150000
1764330517698,891.1,891.2,891.150000
1764330517990,891.1,891.2,891.150000
1764330518240,891.1,891.2,891.150000
1764330518491,891.1,891.2,891.150000
1764330518748,891.1,891.2,891.150000
1764330519016,891.1,891.2,891.150000
1764330519285,891.1,891.2,891.150000
1764330519569,891.1,891.2,891.150000
1764330519822,891.1,891.2,891.150000
1764330520081,891.1,891.2,891.150000
1764330520355,891.1,891.2,891.150000
1764330520606,891.1,891.2,891.150000
1764330520899,891.1,891.2,891.150000
1764330521190,891.1,891.2,891.150000
1764330521448,891.1,891.2,891.150000
1764330521744,891.1,891.2,891.150000
1764330521996,891.1,891.2,891.150000
1764330522291,891.1,891.2,891.150000
1764330522541,891.1,891.2,891.150000
1764330522796,891.1,891.2,891.150000
1764330523048,891.1,891.2,891.150000
1764330523320,891.1,891.2,891.150000
1764330523603,891.1,891.2,891.150000
1764330523870,891.1,891.2,891.150000
1764330524121,891.1,891.2,891.150000
1764330524422,891.1,891.2,891.150000
1764330524691,891.1,891.2,891.150000
1764330524966,891.1,891.2,891.150000
1764330525231,891.1,891.2,891.150000
1764330525503,891.1,891.2,891.150000
1764330525755,891.1,891.2,891.150000
1764330526046,891.1,891.2,891.150000
1764330526297,891.1,891.2,891.150000
1764330526579,891.1,891.2,891.150000
1764330526851,891.1,891.2,891.150000
1764330527119,891.1,891.2,891.150000
1764330527395,891.1,891.2,891.150000
1764330527658,891.1,891.2,891.150000
1764330527927,891.1,891.2,891.150000
1764330528197,891.1,891.2,891.150000
1764330528463,891.1,891.2,891.150000
1764330528734,891.1,891.2,891.150000
1764330529010,891.1,891.2,891.150000
1764330529278,891.1,891.2,891.150000
1764330529547,891.1,891.2,891.150000
1764330529798,891.1,891.2,891.150000
1764330530052,891.1,891.2,891.150000
1764330530350,891.1,891.2,891.150000
1764330530600,891.1,891.2,891.150000
1764330530853,891.1,891.2,891.150000
1764330531103,891.1,891.2,891.150000
1764330531369,891.1,891.2,891.150000
1764330531645,891.1,891.2,891.150000
1764330531899,891.1,891.2,891.150000
1764330532153,891.1,891.2,891.150000
1764330532403,891.1,891.2,891.150000
1764330532692,891.1,891.2,891.150000
1764330532988,891.1,891.2,891.150000
1764330533255,891.1,891.2,891.150000
1764330533522,891.1,891.2,891.150000
1764330533795,891.1,891.2,891.150000
1764330534057,891.1,891.2,891.150000
1764330534308,891.1,891.2,891.150000
1764330534579,891.1,891.2,891.150000
1764330534872,891.1,891.2,891.150000
1764330535139,891.1,891.2,891.150000
1764330535389,891.1,891.2,891.150000
1764330535654,891.1,891.2,891.150000
1764330535906,891.1,891.2,891.150000
1764330536185,891.1,891.2,891.150000
1764330536444,891.1,891.2,891.150000
1764330536723,891.1,891.2,891.150000
1764330536973,891.1,891.2,891.150000
1764330537261,891.1,891.2,891.150000
1764330537511,891.1,891.2,891.150000
1764330537801,891.1,891.2,891.150000
1764330538053,891.1,891.2,891.150000
1764330538303,891.1,891.2,891.150000
1764330538611,891.1,891.2,891.150000
1764330538909,891.1,891.2,891.150000
1764330539181,891.1,891.2,891.150000
1764330539450,891.1,891.2,891.150000
1764330539719,891.1,891.2,891.150000
1764330539991,891.1,891.2,891.150000
1764330540244,891.1,891.2,891.150000
1764330540495,891.1,891.2,891.150000
1764330540764,891.1,891.2,891.150000
1764330541016,891.1,891.2,891.150000
1764330541306,891.1,891.2,891.150000
1764330541579,891.1,891.2,891.150000
1764330541829,891.1,891.2,891.150000
1764330542132,891.1,891.2,891.150000
1764330542393,891.1,891.2,891.150000
1764330542643,891.2,891.3,891.250000
1764330542945,891.2,891.3,891.250000
1764330543195,891.2,891.3,891.250000
1764330543477,891.2,891.3,891.250000
1764330543732,891.2,891.3,891.250000
1764330544024,891.2,891.3,891.250000
1764330544314,891.2,891.3,891.250000
1764330544564,891.2,891.3,891.250000
1764330544859,891.2,891.3,891.250000
1764330545126,891.2,891.3,891.250000
1764330545395,891.2,891.3,891.250000
1764330545667,891.2,891.3,891.250000
1764330545917,891.2,891.3,891.250000
1764330546185,891.2,891.3,891.250000
1764330546463,891.2,891.3,891.250000
1764330546716,891.2,891.3,891.250000
1764330546999,891.2,891.3,891.250000
1764330547253,891.2,891.3,891.250000
1764330547543,891.2,891.3,891.250000
1764330547835,891.2,891.3,891.250000
1764330548101,891.2,891.3,891.250000
1764330548366,891.2,891.3,891.250000
1764330548624,891.2,891.3,891.250000
1764330548877,891.2,891.3,891.250000
1764330549130,891.2,891.3,891.250000
1764330549433,891.2,891.3,891.250000
1764330549724,891.2,891.3,891.250000
1764330549992,891.2,891.3,891.250000
1764330550258,891.2,891.3,891.250000
1764330550514,891.2,891.3,891.250000
1764330550767,891.2,891.3,891.250000
1764330551029,891.2,891.3,891.250000
1764330551279,891.2,891.3,891.250000
1764330551571,891.2,891.3,891.250000
1764330551870,891.2,891.3,891.250000
1764330552133,891.2,891.3,891.250000
1764330552401,891.2,891.3,891.250000
1764330552679,891.2,891.3,891.250000
1764330552932,891.2,891.3,891.250000
1764330553182,891.2,891.3,891.250000
1764330553468,891.2,891.3,891.250000
1764330553767,891.2,891.3,891.250000
1764330554019,891.2,891.3,891.250000
1764330554310,891.2,891.3,891.250000
1764330554572,891.2,891.3,891.250000
1764330554822,891.2,891.3,891.250000
1764330555074,891.2,891.3,891.250000
1764330555361,891.2,891.3,891.250000
1764330555613,891.2,891.3,891.250000
1764330555900,891.2,891.3,891.250000
1764330556151,891.2,891.3,891.250000
1764330556430,891.2,891.3,891.250000
1764330556681,891.2,891.3,891.250000
1764330556931,891.2,891.3,891.250000
1764330557210,891.2,891.3,891.250000
1764330557482,891.2,891.3,891.250000
1764330557732,891.2,891.3,891.250000
1764330557985,891.2,891.3,891.250000
1764330558240,891.2,891.3,891.250000
1764330558547,891.2,891.3,891.250000
1764330558806,891.2,891.3,891.250000
1764330559091,891.2,891.3,891.250000
1764330559343,891.1,891.2,891.150000
1764330559615,891.1,891.2,891.150000
1764330559867,891.1,891.2,891.150000
1764330560128,891.1,891.2,891.150000
1764330560421,891.1,891.2,891.150000
1764330560678,891.1,891.2,891.150000
1764330560929,891.1,891.2,891.150000
1764330561232,891.0,891.1,891.050000
1764330561483,891.0,891.1,891.050000
1764330561770,891.0,891.1,891.050000
1764330562044,891.0,891.1,891.050000
1764330562318,891.0,891.1,891.050000
1764330562570,891.0,891.1,891.050000
1764330562865,891.0,891.1,891.050000
1764330563168,891.0,891.1,891.050000
1764330563423,891.0,891.1,891.050000
1764330563710,891.0,891.1,891.050000
1764330563960,891.0,891.1,891.050000
1764330564211,891.0,891.1,891.050000
1764330564477,891.0,891.1,891.050000
1764330564769,891.0,891.1,891.050000
1764330565048,891.0,891.1,891.050000
1764330565298,891.0,891.1,891.050000
1764330565549,891.0,891.1,891.050000
1764330565801,891.0,891.1,891.050000
1764330566101,891.0,891.1,891.050000
1764330566355,891.0,891.1,891.050000
1764330566629,891.0,891.1,891.050000
1764330566887,891.0,891.1,891.050000
1764330567139,891.0,891.1,891.050000
1764330567390,891.0,891.1,891.050000
1764330567640,891.0,891.1,891.050000
1764330567932,891.0,891.1,891.050000
1764330568183,891.0,891.1,891.050000
1764330568434,891.0,891.1,891.050000
1764330568715,891.0,891.1,891.050000
1764330569015,891.0,891.1,891.050000
1764330569267,891.0,891.1,891.050000
1764330569563,891.0,891.1,891.050000
1764330569822,891.0,891.1,891.050000
1764330570086,891.0,891.1,891.050000
1764330570345,891.0,891.1,891.050000
1764330570634,891.0,891.1,891.050000
1764330570885,891.0,891.1,891.050000
1764330571141,891.0,891.1,891.050000
1764330571391,891.0,891.1,891.050000
1764330571696,891.0,891.1,891.050000
1764330571987,891.0,891.1,891.050000
1764330572248,891.0,891.1,891.050000
1764330572510,891.0,891.1,891.050000
1764330572770,891.0,891.1,891.050000
1764330573063,891.0,891.1,891.050000
1764330573325,891.0,891.1,891.050000
1764330573576,891.0,891.1,891.050000
1764330573914,891.0,891.1,891.050000
1764330574168,891.0,891.1,891.050000
1764330574422,891.0,891.1,891.050000
1764330574672,891.0,891.1,891.050000
1764330574945,891.0,891.1,891.050000
1764330575201,891.0,891.1,891.050000
1764330575489,891.0,891.1,891.050000
1764330575743,891.0,891.1,891.050000
1764330576030,891.0,891.1,891.050000
1764330576295,891.0,891.1,891.050000
1764330576564,891.0,891.1,891.050000
1764330576815,891.0,891.1,891.050000
1764330577068,891.0,891.1,891.050000
1764330577328,891.0,891.1,891.050000
1764330577605,891.0,891.1,891.050000
1764330577911,891.0,891.1,891.050000
1764330578196,891.0,891.1,891.050000
1764330578447,891.0,891.1,891.050000
1764330578737,891.0,891.1,891.050000
1764330578990,891.0,891.1,891.050000
1764330579245,891.0,891.1,891.050000
1764330579497,891.0,891.1,891.050000
1764330579798,891.0,891.1,891.050000
1764330580053,891.0,891.1,891.050000
1764330580303,891.0,891.1,891.050000
1764330580605,891.0,891.1,891.050000
1764330580858,891.0,891.1,891.050000
1764330581141,891.0,891.1,891.050000
1764330581392,891.0,891.1,891.050000
1764330581642,891.0,891.1,891.050000
1764330581892,891.0,891.1,891.050000
1764330582208,891.0,891.1,891.050000
1764330582458,891.0,891.1,891.050000
1764330582712,891.0,891.1,891.050000
1764330583014,891.0,891.1,891.050000
1764330583301,891.0,891.1,891.050000
1764330583558,891.0,891.1,891.050000
1764330583808,891.0,891.1,891.050000
1764330584059,891.0,891.1,891.050000
1764330584354,891.0,891.1,891.050000
1764330584649,891.0,891.1,891.050000
1764330584920,891.0,891.1,891.050000
1764330585172,891.0,891.1,891.050000
1764330585424,891.0,891.1,891.050000
1764330585727,891.0,891.1,891.050000
1764330585994,891.0,891.1,891.050000
1764330586269,891.0,891.1,891.050000
1764330586537,891.0,891.1,891.050000
1764330586805,891.0,891.1,891.050000
1764330587060,891.0,891.1,891.050000
1764330587356,891.0,891.1,891.050000
1764330587620,891.0,891.1,891.050000
1764330587888,891.0,891.1,891.050000
1764330588157,891.0,891.1,891.050000
1764330588417,891.0,891.1,891.050000
1764330588667,891.0,891.1,891.050000
1764330588918,891.0,891.1,891.050000
1764330589222,891.0,891.1,891.050000
1764330589515,891.0,891.1,891.050000
1764330589783,891.0,891.1,891.050000
1764330590055,891.0,891.1,891.050000
1764330590305,891.0,891.1,891.050000
1764330590593,891.2,891.3,891.250000
1764330590843,891.2,891.3,891.250000
1764330591094,891.2,891.3,891.250000
1764330591351,891.2,891.3,891.250000
1764330591609,891.2,891.3,891.250000
1764330591862,891.2,891.3,891.250000
1764330592123,891.1,891.2,891.150000
1764330592396,891.1,891.2,891.150000
1764330592648,891.1,891.2,891.150000
1764330592941,891.1,891.2,891.150000
1764330593192,891.1,891.2,891.150000
1764330593466,891.1,891.2,891.150000
1764330593723,891.1,891.2,891.150000
1764330594020,891.1,891.2,891.150000
1764330594270,891.1,891.2,891.150000
1764330594556,891.1,891.2,891.150000
1764330594832,891.1,891.2,891.150000
1764330595105,891.1,891.2,891.150000
1764330595356,891.1,891.2,891.150000
1764330595652,891.1,891.2,891.150000
1764330595902,891.1,891.2,891.150000
1764330596158,891.1,891.2,891.150000
1764330596408,891.1,891.2,891.150000
1764330596704,891.1,891.2,891.150000
1764330596992,891.1,891.2,891.150000
1764330597264,891.1,891.2,891.150000
1764330597541,891.1,891.2,891.150000
1764330597807,891.1,891.2,891.150000
1764330598074,891.1,891.2,891.150000
1764330598345,891.1,891.2,891.150000
1764330598596,891.1,891.2,891.150000
1764330598884,891.1,891.2,891.150000
1764330599160,891.1,891.2,891.150000
1764330599418,891.1,891.2,891.150000
1764330599670,891.4,891.5,891.450000
1764330599920,891.4,891.5,891.450000
1764330600177,891.4,891.5,891.450000
1764330600441,891.4,891.5,891.450000
1764330600692,891.4,891.5,891.450000
1764330600946,891.4,891.5,891.450000
1764330601240,891.4,891.5,891.450000
1764330601490,891.4,891.5,891.450000
1764330601774,891.4,891.5,891.450000
1764330602036,891.4,891.5,891.450000
1764330602293,891.4,891.5,891.450000
1764330602544,891.4,891.5,891.450000
1764330602800,891.4,891.5,891.450000
1764330603064,891.4,891.5,891.450000
1764330603314,891.4,891.5,891.450000
1764330603610,891.4,891.5,891.450000
1764330603865,891.4,891.5,891.450000
1764330604139,891.4,891.5,891.450000
1764330604389,891.4,891.5,891.450000
1764330604662,891.4,891.5,891.450000
1764330604916,891.4,891.5,891.450000
1764330605168,891.4,891.5,891.450000
1764330605422,891.4,891.5,891.450000
1764330605701,891.4,891.5,891.450000
1764330605951,891.4,891.5,891.450000
1764330606217,891.4,891.5,891.450000
1764330606493,891.4,891.5,891.450000
1764330606752,891.4,891.5,891.450000
1764330607036,891.4,891.5,891.450000
1764330607326,891.4,891.5,891.450000
1764330607576,891.4,891.5,891.450000
1764330607827,891.3,891.4,891.350000
1764330608077,891.3,891.4,891.350000
1764330608365,891.3,891.4,891.350000
1764330608616,891.3,891.4,891.350000
1764330608873,891.3,891.4,891.350000
1764330609137,891.3,891.4,891.350000
1764330609389,891.3,891.4,891.350000
1764330609646,891.3,891.4,891.350000
1764330609904,891.3,891.4,891.350000
1764330610155,891.3,891.4,891.350000
1764330610407,891.3,891.4,891.350000
1764330610658,891.3,891.4,891.350000
1764330610954,891.3,891.4,891.350000
1764330611204,891.3,891.4,891.350000
1764330611496,891.3,891.4,891.350000
1764330611748,891.3,891.4,891.350000
1764330611998,891.3,891.4,891.350000
1764330612296,891.3,891.4,891.350000
1764330612592,891.3,891.4,891.350000
1764330612856,891.3,891.4,891.350000
1764330613118,891.3,891.4,891.350000
1764330613375,891.3,891.4,891.350000
1764330613625,891.3,891.4,891.350000
1764330613892,891.3,891.4,891.350000
1764330614166,891.3,891.4,891.350000
1764330614464,891.3,891.4,891.350000
1764330614716,891.3,891.4,891.350000
1764330615006,891.3,891.4,891.350000
1764330615259,891.3,891.4,891.350000
1764330615548,891.3,891.4,891.350000
1764330615799,891.3,891.4,891.350000
1764330616094,891.3,891.4,891.350000
1764330616395,891.3,891.4,891.350000
1764330616664,891.3,891.4,891.350000
1764330616930,891.3,891.4,891.350000
1764330617191,891.3,891.4,891.350000
1764330617463,891.3,891.4,891.350000
1764330617722,891.3,891.4,891.350000
1764330617973,891.3,891.4,891.350000
1764330618264,891.3,891.4,891.350000
1764330618514,891.3,891.4,891.350000
1764330618767,891.3,891.4,891.350000
1764330619034,891.3,891.4,891.350000
1764330619336,891.3,891.4,891.350000
1764330619586,891.3,891.4,891.350000
1764330619874,891.3,891.4,891.350000
1764330620126,891.3,891.4,891.350000
1764330620377,891.3,891.4,891.350000
1764330620630,891.3,891.4,891.350000
1764330620888,891.3,891.4,891.350000
1764330621153,891.3,891.4,891.350000
1764330621410,891.3,891.4,891.350000
1764330621693,891.3,891.4,891.350000
1764330621948,891.3,891.4,891.350000
1764330622245,891.3,891.4,891.350000
1764330622495,891.3,891.4,891.350000
1764330622746,891.3,891.4,891.350000
1764330622996,891.3,891.4,891.350000
1764330623248,891.3,891.4,891.350000
1764330623509,891.3,891.4,891.350000
1764330623760,891.3,891.4,891.350000
1764330624012,891.3,891.4,891.350000
1764330624310,891.3,891.4,891.350000
1764330624565,891.3,891.4,891.350000
1764330624849,891.3,891.4,891.350000
1764330625116,891.3,891.4,891.350000
1764330625370,891.3,891.4,891.350000
1764330625620,891.3,891.4,891.350000
1764330625883,891.3,891.4,891.350000
1764330626174,891.3,891.4,891.350000
1764330626425,891.3,891.4,891.350000
1764330626677,891.3,891.4,891.350000
1764330626929,891.3,891.4,891.350000
1764330627181,891.4,891.5,891.450000
1764330627438,891.4,891.5,891.450000
1764330627703,891.4,891.5,891.450000
1764330627954,891.4,891.5,891.450000
1764330628204,891.4,891.5,891.450000
1764330628460,891.4,891.5,891.450000
1764330628728,891.4,891.5,891.450000
1764330628978,891.4,891.5,891.450000
1764330629272,891.4,891.5,891.450000
1764330629528,891.4,891.5,891.450000
1764330629786,891.4,891.5,891.450000
1764330630048,891.4,891.5,891.450000
1764330630300,891.4,891.5,891.450000
1764330630580,891.4,891.5,891.450000
1764330630834,891.4,891.5,891.450000
1764330631116,891.4,891.5,891.450000
1764330631372,891.4,891.5,891.450000
1764330631624,891.4,891.5,891.450000
1764330631903,891.4,891.5,891.450000
1764330632154,891.4,891.5,891.450000
1764330632446,891.4,891.5,891.450000
1764330632698,891.4,891.5,891.450000
1764330632953,891.4,891.5,891.450000
1764330633210,891.4,891.5,891.450000
