unix_timestamp_ms,bid,ask,mid
1764326045783,3054.2,3054.3,3054.250000
1764326050426,3054.6,3054.7,3054.650000
1764326050677,3054.6,3054.7,3054.650000
1764326050928,3054.6,3054.7,3054.650000
1764326051185,3054.8,3054.9,3054.850000
1764326051435,3054.8,3054.9,3054.850000
1764326051685,3054.8,3054.9,3054.850000
1764326051935,3054.8,3054.9,3054.850000
1764326052190,3054.8,3054.9,3054.850000
1764326052440,3054.8,3054.9,3054.850000
1764326052695,3054.8,3054.9,3054.850000
1764326052953,3054.8,3054.9,3054.850000
1764326053203,3054.8,3054.9,3054.850000
1764326053456,3054.9,3055.0,3054.950000
1764326053706,3054.9,3055.0,3054.950000
1764326053956,3054.9,3055.0,3054.950000
1764326054206,3054.9,3055.0,3054.950000
1764326054456,3054.9,3055.0,3054.950000
1764326054706,3054.9,3055.0,3054.950000
1764326054956,3054.9,3055.0,3054.950000
1764326055206,3054.9,3055.0,3054.950000
1764326055456,3054.7,3054.8,3054.750000
1764326055706,3054.7,3054.8,3054.750000
1764326055956,3054.7,3054.8,3054.750000
1764326056206,3054.5,3054.6,3054.550000
1764326056457,3054.5,3054.6,3054.550000
1764326056707,3054.5,3054.6,3054.550000
1764326056957,3054.2,3054.3,3054.250000
1764326057207,3054.2,3054.3,3054.250000
1764326057457,3054.1,3054.2,3054.150000
1764326057708,3054.1,3054.2,3054.150000
1764326057959,3054.1,3054.2,3054.150000
1764326058209,3054.0,3054.2,3054.100000
1764326058459,3053.9,3054.2,3054.050000
1764326058709,3054.1,3054.2,3054.150000
1764326058960,3053.9,3054.2,3054.050000
1764326059210,3054.0,3054.2,3054.100000
1764326059461,3054.0,3054.2,3054.100000
1764326059711,3054.0,3054.2,3054.100000
1764326059962,3054.1,3054.2,3054.150000
1764326060213,3054.0,3054.2,3054.100000
1764326060464,3054.1,3054.2,3054.150000
1764326060715,3054.1,3054.2,3054.150000
1764326060971,3054.1,3054.2,3054.150000
1764326061225,3054.1,3054.2,3054.150000
1764326061476,3054.0,3054.2,3054.100000
1764326061727,3053.9,3054.0,3053.950000
1764326061978,3053.9,3054.0,3053.950000
1764326062228,3053.9,3054.0,3053.950000
1764326062479,3053.8,3053.9,3053.850000
1764326062735,3053.8,3053.9,3053.850000
1764326062989,3053.8,3053.9,3053.850000
1764326063240,3053.8,3053.9,3053.850000
1764326063496,3053.8,3053.9,3053.850000
1764326063751,3053.8,3053.9,3053.850000
1764326064004,3053.8,3053.9,3053.850000
1764326064255,3053.8,3053.9,3053.850000
1764326064506,3053.8,3053.9,3053.850000
1764326064757,3053.8,3053.9,3053.850000
1764326065007,3053.8,3053.9,3053.850000
1764326065258,3053.8,3053.9,3053.850000
1764326065508,3053.8,3053.9,3053.850000
1764326065759,3053.8,3053.9,3053.850000
1764326066009,3053.8,3053.9,3053.850000
1764326066263,3053.8,3053.9,3053.850000
1764326066514,3053.8,3053.9,3053.850000
1764326066764,3053.8,3053.9,3053.850000
1764326067014,3053.8,3053.9,3053.850000
1764326067267,3053.8,3053.9,3053.850000
1764326067517,3053.8,3053.9,3053.850000
1764326067768,3053.7,3053.8,3053.750000
1764326068019,3053.7,3053.8,3053.750000
1764326068269,3053.5,3053.6,3053.550000
1764326068519,3053.5,3053.6,3053.550000
1764326068769,3053.5,3053.6,3053.550000
1764326069024,3053.5,3053.6,3053.550000
1764326069274,3053.5,3053.6,3053.550000
1764326069524,3053.5,3053.6,3053.550000
1764326069778,3053.5,3053.6,3053.550000
1764326070029,3053.5,3053.6,3053.550000
1764326070284,3053.5,3053.6,3053.550000
1764326070535,3053.5,3053.6,3053.550000
1764326070788,3053.5,3053.6,3053.550000
1764326071039,3053.5,3053.6,3053.550000
1764326071293,3053.5,3053.6,3053.550000
1764326071548,3053.5,3053.6,3053.550000
1764326071800,3053.5,3053.6,3053.550000
1764326072055,3053.5,3053.6,3053.550000
1764326072307,3053.5,3053.6,3053.550000
1764326072560,3053.5,3053.6,3053.550000
1764326072810,3053.5,3053.6,3053.550000
1764326073060,3053.5,3053.6,3053.550000
1764326073310,3053.5,3053.6,3053.550000
1764326073560,3053.5,3053.6,3053.550000
1764326073810,3053.5,3053.6,3053.550000
1764326074061,3053.5,3053.6,3053.550000
1764326074313,3053.5,3053.6,3053.550000
1764326074568,3053.5,3053.6,3053.550000
1764326074818,3053.5,3053.6,3053.550000
1764326075075,3053.5,3053.6,3053.550000
1764326075327,3053.5,3053.6,3053.550000
1764326075577,3053.5,3053.6,3053.550000
1764326075829,3053.5,3053.6,3053.550000
1764326076079,3053.5,3053.6,3053.550000
1764326076330,3053.5,3053.6,3053.550000
1764326076582,3053.5,3053.6,3053.550000
1764326076841,3053.5,3053.6,3053.550000
1764326077092,3053.5,3053.6,3053.550000
1764326077343,3053.5,3053.6,3053.550000
1764326077593,3053.5,3053.6,3053.550000
1764326077850,3053.5,3053.6,3053.550000
1764326078102,3053.5,3053.6,3053.550000
1764326078352,3053.5,3053.6,3053.550000
1764326078607,3053.5,3053.6,3053.550000
1764326078858,3053.5,3053.6,3053.550000
1764326079108,3053.5,3053.6,3053.550000
1764326079362,3053.5,3053.6,3053.550000
1764326079612,3053.5,3053.6,3053.550000
1764326079870,3053.5,3053.6,3053.550000
1764326080120,3053.5,3053.6,3053.550000
1764326080380,3053.5,3053.6,3053.550000
1764326080633,3053.5,3053.6,3053.550000
1764326080886,3053.5,3053.6,3053.550000
1764326081136,3053.5,3053.6,3053.550000
1764326081395,3053.5,3053.6,3053.550000
1764326081649,3053.5,3053.6,3053.550000
1764326081900,3053.5,3053.6,3053.550000
1764326082157,3053.5,3053.6,3053.550000
1764326082408,3053.5,3053.6,3053.550000
1764326082659,3053.5,3053.6,3053.550000
1764326082909,3053.5,3053.6,3053.550000
1764326083159,3053.5,3053.6,3053.550000
1764326083410,3053.5,3053.6,3053.550000
1764326083664,3053.5,3053.6,3053.550000
1764326083915,3053.5,3053.6,3053.550000
1764326084169,3053.5,3053.6,3053.550000
1764326084419,3053.5,3053.6,3053.550000
1764326084672,3053.5,3053.6,3053.550000
1764326084928,3053.5,3053.6,3053.550000
1764326085188,3053.5,3053.6,3053.550000
1764326085438,3053.5,3053.6,3053.550000
1764326085688,3053.5,3053.6,3053.550000
1764326085938,3053.5,3053.6,3053.550000
1764326086192,3053.5,3053.6,3053.550000
1764326086442,3053.5,3053.6,3053.550000
1764326086715,3053.5,3053.6,3053.550000
1764326086976,3053.5,3053.6,3053.550000
1764326087226,3053.5,3053.6,3053.550000
1764326087479,3053.5,3053.6,3053.550000
1764326087732,3053.5,3053.6,3053.550000
1764326087997,3053.5,3053.6,3053.550000
1764326088263,3053.5,3053.6,3053.550000
1764326088513,3053.5,3053.6,3053.550000
1764326088769,3053.5,3053.6,3053.550000
1764326089019,3053.5,3053.6,3053.550000
1764326089275,3053.5,3053.6,3053.550000
1764326089531,3053.5,3053.6,3053.550000
1764326089791,3053.2,3053.3,3053.250000
1764326090042,3053.2,3053.3,3053.250000
1764326090292,3053.2,3053.3,3053.250000
1764326090545,3053.2,3053.3,3053.250000
1764326090804,3053.2,3053.3,3053.250000
1764326091057,3053.2,3053.3,3053.250000
1764326091307,3053.2,3053.3,3053.250000
1764326091559,3053.2,3053.3,3053.250000
1764326091810,3053.2,3053.3,3053.250000
1764326092060,3053.2,3053.3,3053.250000
1764326092310,3053.2,3053.3,3053.250000
1764326092568,3053.2,3053.3,3053.250000
1764326092820,3053.2,3053.3,3053.250000
1764326093073,3053.2,3053.3,3053.250000
1764326093324,3053.2,3053.3,3053.250000
1764326093577,3053.2,3053.3,3053.250000
1764326093828,3053.2,3053.3,3053.250000
1764326094080,3052.9,3053.0,3052.950000
1764326094332,3052.9,3053.0,3052.950000
1764326094593,3052.9,3053.0,3052.950000
1764326094850,3052.8,3052.9,3052.850000
1764326095100,3052.8,3052.9,3052.850000
1764326095351,3052.8,3052.9,3052.850000
1764326095603,3052.8,3052.9,3052.850000
1764326095853,3052.8,3052.9,3052.850000
1764326096105,3052.8,3052.9,3052.850000
1764326096356,3052.8,3052.9,3052.850000
1764326096607,3052.8,3052.9,3052.850000
1764326096857,3052.8,3052.9,3052.850000
1764326097107,3052.8,3052.9,3052.850000
1764326097357,3052.8,3052.9,3052.850000
1764326097607,3052.8,3052.9,3052.850000
1764326097857,3052.8,3052.9,3052.850000
1764326098108,3052.5,3052.6,3052.550000
1764326098358,3052.3,3052.4,3052.350000
1764326098608,3052.3,3052.4,3052.350000
1764326098860,3052.3,3052.4,3052.350000
1764326099110,3052.1,3052.2,3052.150000
1764326099360,3051.5,3051.6,3051.550000
1764326099612,3051.4,3051.5,3051.450000
1764326099868,3051.4,3051.5,3051.450000
1764326100119,3051.4,3051.5,3051.450000
1764326100369,3051.4,3051.5,3051.450000
1764326100619,3051.2,3051.3,3051.250000
1764326100869,3051.2,3051.3,3051.250000
1764326101119,3051.2,3051.3,3051.250000
1764326101370,3051.2,3051.3,3051.250000
1764326101620,3051.2,3051.3,3051.250000
1764326101870,3051.2,3051.3,3051.250000
1764326102120,3050.4,3050.5,3050.450000
1764326102370,3050.4,3050.5,3050.450000
1764326102621,3050.4,3050.5,3050.450000
1764326102871,3050.3,3050.5,3050.400000
1764326103122,3050.3,3050.5,3050.400000
1764326103374,3050.0,3050.1,3050.050000
1764326103624,3050.0,3050.1,3050.050000
1764326103875,3050.0,3050.1,3050.050000
1764326104126,3049.9,3050.0,3049.950000
1764326104379,3049.9,3050.0,3049.950000
1764326104630,3049.9,3050.0,3049.950000
1764326104884,3049.9,3050.0,3049.950000
1764326105139,3049.9,3050.0,3049.950000
1764326105393,3049.9,3050.0,3049.950000
1764326105656,3049.9,3050.0,3049.950000
1764326105906,3050.0,3050.1,3050.050000
1764326106157,3050.0,3050.1,3050.050000
1764326106407,3050.9,3051.0,3050.950000
1764326106659,3050.9,3051.0,3050.950000
1764326106909,3050.9,3051.0,3050.950000
1764326107162,3050.9,3051.0,3050.950000
1764326107414,3050.9,3051.0,3050.950000
1764326107666,3050.9,3051.0,3050.950000
1764326107916,3051.0,3051.1,3051.050000
1764326108167,3051.0,3051.1,3051.050000
1764326108417,3051.4,3051.5,3051.450000
1764326108669,3051.4,3051.5,3051.450000
1764326108919,3051.3,3051.4,3051.350000
1764326109170,3051.3,3051.4,3051.350000
1764326109423,3051.3,3051.4,3051.350000
1764326109674,3050.9,3051.0,3050.950000
1764326109924,3050.9,3051.0,3050.950000
1764326110176,3050.9,3051.0,3050.950000
1764326110428,3050.9,3051.0,3050.950000
1764326110678,3050.9,3051.0,3050.950000
1764326110932,3050.9,3051.0,3050.950000
1764326111182,3050.9,3051.0,3050.950000
1764326111435,3050.8,3050.9,3050.850000
1764326111685,3050.8,3050.9,3050.850000
1764326111942,3050.8,3050.9,3050.850000
1764326112194,3050.8,3050.9,3050.850000
1764326112445,3050.5,3050.6,3050.550000
1764326112697,3050.5,3050.6,3050.550000
1764326112947,3050.5,3050.6,3050.550000
1764326113202,3050.5,3050.6,3050.550000
1764326113455,3050.5,3050.6,3050.550000
1764326113708,3050.5,3050.6,3050.550000
1764326113967,3050.5,3050.6,3050.550000
1764326114219,3050.5,3050.6,3050.550000
1764326114469,3050.5,3050.6,3050.550000
1764326114719,3050.5,3050.6,3050.550000
1764326114969,3050.5,3050.6,3050.550000
1764326115219,3050.5,3050.6,3050.550000
1764326115472,3050.5,3050.6,3050.550000
1764326115724,3050.5,3050.6,3050.550000
1764326115981,3050.5,3050.6,3050.550000
1764326116231,3050.5,3050.6,3050.550000
1764326116484,3050.7,3050.8,3050.750000
1764326116734,3050.9,3051.0,3050.950000
1764326116985,3050.9,3051.0,3050.950000
1764326117238,3050.9,3051.0,3050.950000
1764326117498,3050.9,3051.0,3050.950000
1764326117748,3050.9,3051.0,3050.950000
1764326117998,3050.9,3051.0,3050.950000
1764326118251,3051.0,3051.1,3051.050000
1764326118509,3051.0,3051.1,3051.050000
1764326118759,3051.0,3051.1,3051.050000
1764326119009,3051.0,3051.1,3051.050000
1764326119260,3051.0,3051.1,3051.050000
1764326119510,3051.0,3051.1,3051.050000
1764326119762,3051.0,3051.1,3051.050000
1764326120012,3051.0,3051.1,3051.050000
1764326120269,3051.0,3051.1,3051.050000
1764326120519,3051.2,3051.3,3051.250000
1764326120770,3051.3,3051.4,3051.350000
1764326121021,3051.3,3051.4,3051.350000
1764326121279,3051.3,3051.4,3051.350000
1764326121532,3051.3,3051.4,3051.350000
1764326121792,3051.3,3051.4,3051.350000
1764326122044,3051.3,3051.4,3051.350000
1764326122304,3051.3,3051.4,3051.350000
1764326122558,3051.3,3051.4,3051.350000
1764326122809,3051.3,3051.4,3051.350000
1764326123061,3051.3,3051.4,3051.350000
1764326123313,3051.3,3051.4,3051.350000
1764326123563,3051.3,3051.4,3051.350000
1764326123814,3051.3,3051.4,3051.350000
1764326124068,3051.3,3051.4,3051.350000
1764326124318,3051.3,3051.4,3051.350000
1764326124568,3051.3,3051.4,3051.350000
1764326124820,3051.3,3051.4,3051.350000
1764326125070,3051.3,3051.4,3051.350000
1764326125320,3051.3,3051.4,3051.350000
1764326125577,3051.3,3051.4,3051.350000
1764326125827,3051.3,3051.4,3051.350000
1764326126078,3051.3,3051.4,3051.350000
1764326126332,3051.3,3051.4,3051.350000
1764326126591,3051.3,3051.4,3051.350000
1764326126841,3051.3,3051.4,3051.350000
1764326127093,3051.3,3051.4,3051.350000
1764326127345,3051.3,3051.4,3051.350000
1764326127598,3051.3,3051.4,3051.350000
1764326127852,3051.3,3051.4,3051.350000
1764326128107,3051.3,3051.4,3051.350000
1764326128360,3051.3,3051.4,3051.350000
1764326128612,3051.3,3051.4,3051.350000
1764326128863,3051.3,3051.4,3051.350000
1764326129113,3051.3,3051.4,3051.350000
1764326129365,3051.3,3051.4,3051.350000
1764326129616,3051.3,3051.4,3051.350000
1764326129866,3051.3,3051.4,3051.350000
1764326130117,3051.3,3051.4,3051.350000
1764326130375,3051.3,3051.4,3051.350000
1764326130627,3051.3,3051.4,3051.350000
1764326130878,3051.3,3051.4,3051.350000
1764326131134,3051.3,3051.4,3051.350000
1764326131388,3051.3,3051.4,3051.350000
1764326131640,3051.3,3051.4,3051.350000
1764326131894,3051.3,3051.4,3051.350000
1764326132145,3051.3,3051.4,3051.350000
1764326132397,3051.3,3051.4,3051.350000
1764326132647,3051.3,3051.4,3051.350000
1764326132903,3050.9,3051.3,3051.100000
1764326133154,3049.8,3049.9,3049.850000
1764326133404,3049.8,3049.9,3049.850000
1764326133659,3049.9,3050.0,3049.950000
1764326133909,3049.9,3050.0,3049.950000
1764326134159,3050.2,3050.3,3050.250000
1764326134409,3050.2,3050.3,3050.250000
1764326134660,3050.2,3050.3,3050.250000
1764326134910,3050.2,3050.3,3050.250000
1764326135160,3050.2,3050.3,3050.250000
1764326135410,3050.2,3050.3,3050.250000
1764326135663,3050.2,3050.3,3050.250000
1764326135914,3050.2,3050.3,3050.250000
1764326136164,3050.2,3050.3,3050.250000
1764326136415,3050.2,3050.3,3050.250000
1764326136667,3050.2,3050.3,3050.250000
1764326136917,3050.2,3050.3,3050.250000
1764326137169,3050.2,3050.3,3050.250000
1764326137419,3050.2,3050.3,3050.250000
1764326137669,3050.2,3050.3,3050.250000
1764326137921,3050.2,3050.3,3050.250000
1764326138171,3050.2,3050.3,3050.250000
1764326138421,3050.2,3050.3,3050.250000
1764326138675,3050.2,3050.3,3050.250000
1764326138927,3050.2,3050.3,3050.250000
1764326139177,3050.2,3050.3,3050.250000
1764326139427,3050.2,3050.3,3050.250000
1764326139681,3050.2,3050.3,3050.250000
1764326139935,3050.2,3050.3,3050.250000
1764326140193,3050.2,3050.3,3050.250000
1764326140444,3050.4,3050.5,3050.450000
1764326140696,3050.6,3050.7,3050.650000
1764326140946,3050.6,3050.7,3050.650000
1764326141200,3050.6,3050.7,3050.650000
1764326141452,3050.6,3050.7,3050.650000
1764326141702,3050.6,3050.7,3050.650000
1764326141953,3050.6,3050.7,3050.650000
1764326142205,3050.6,3050.7,3050.650000
1764326142455,3050.6,3050.7,3050.650000
1764326142705,3050.6,3050.7,3050.650000
1764326142957,3050.6,3050.7,3050.650000
1764326143207,3050.6,3050.7,3050.650000
1764326143459,3050.6,3050.7,3050.650000
1764326143709,3050.6,3050.7,3050.650000
1764326143959,3050.6,3050.7,3050.650000
1764326144209,3050.6,3050.7,3050.650000
1764326144459,3050.6,3050.7,3050.650000
1764326144710,3050.6,3050.7,3050.650000
1764326144961,3050.6,3050.7,3050.650000
1764326145212,3050.6,3050.7,3050.650000
1764326145466,3050.6,3050.7,3050.650000
1764326145718,3050.6,3050.7,3050.650000
1764326145971,3050.6,3050.7,3050.650000
1764326146221,3050.6,3050.7,3050.650000
1764326146473,3050.6,3050.7,3050.650000
1764326146724,3050.6,3050.7,3050.650000
1764326146976,3050.6,3050.7,3050.650000
1764326147226,3050.6,3050.7,3050.650000
1764326147477,3050.6,3050.7,3050.650000
1764326147730,3050.6,3050.7,3050.650000
1764326147981,3050.6,3050.7,3050.650000
1764326148231,3050.6,3050.7,3050.650000
1764326148482,3050.6,3050.7,3050.650000
1764326148733,3050.6,3050.7,3050.650000
1764326148993,3050.6,3050.7,3050.650000
1764326149243,3050.7,3050.8,3050.750000
1764326149496,3050.7,3050.8,3050.750000
1764326149747,3050.7,3050.8,3050.750000
1764326150003,3050.7,3050.8,3050.750000
1764326150258,3050.7,3050.8,3050.750000
1764326150508,3050.7,3050.8,3050.750000
1764326150758,3050.7,3050.8,3050.750000
1764326151008,3050.7,3050.8,3050.750000
1764326151259,3050.7,3050.8,3050.750000
1764326151509,3050.7,3050.8,3050.750000
1764326151759,3050.7,3050.8,3050.750000
1764326152012,3050.7,3050.8,3050.750000
1764326152263,3050.7,3050.8,3050.750000
1764326152513,3050.7,3050.8,3050.750000
1764326152771,3050.7,3050.8,3050.750000
1764326153024,3050.7,3050.8,3050.750000
1764326153274,3050.7,3050.8,3050.750000
1764326153524,3050.7,3050.8,3050.750000
1764326153775,3050.7,3050.8,3050.750000
1764326154029,3050.7,3050.8,3050.750000
1764326154279,3050.7,3050.8,3050.750000
1764326154530,3050.7,3050.8,3050.750000
1764326154782,3050.7,3050.8,3050.750000
1764326155033,3050.7,3050.8,3050.750000
1764326155283,3050.7,3050.8,3050.750000
1764326155534,3050.7,3050.8,3050.750000
1764326155794,3050.7,3050.8,3050.750000
1764326156048,3050.7,3050.8,3050.750000
1764326156301,3050.7,3050.8,3050.750000
1764326156558,3050.7,3050.8,3050.750000
1764326156809,3050.7,3050.8,3050.750000
1764326157061,3050.7,3050.8,3050.750000
1764326157312,3050.7,3050.8,3050.750000
1764326157563,3050.6,3050.7,3050.650000
1764326157813,3050.4,3050.5,3050.450000
1764326158063,3050.4,3050.5,3050.450000
1764326158313,3050.4,3050.5,3050.450000
1764326158570,3050.4,3050.5,3050.450000
1764326158825,3050.4,3050.5,3050.450000
1764326159085,3050.4,3050.5,3050.450000
1764326159337,3050.4,3050.5,3050.450000
1764326159589,3050.4,3050.5,3050.450000
1764326159840,3050.4,3050.5,3050.450000
1764326160091,3050.4,3050.5,3050.450000
1764326160341,3050.4,3050.5,3050.450000
1764326160593,3050.4,3050.5,3050.450000
1764326160843,3050.1,3050.2,3050.150000
1764326161096,3049.8,3049.9,3049.850000
1764326161348,3049.8,3049.9,3049.850000
1764326161601,3049.8,3049.9,3049.850000
1764326161854,3049.8,3049.9,3049.850000
1764326162107,3049.8,3049.9,3049.850000
1764326162361,3050.0,3050.1,3050.050000
1764326162611,3050.0,3050.1,3050.050000
1764326162862,3050.0,3050.1,3050.050000
1764326163113,3050.0,3050.1,3050.050000
1764326163373,3050.0,3050.1,3050.050000
1764326163624,3050.0,3050.1,3050.050000
1764326163874,3050.0,3050.1,3050.050000
1764326164124,3050.0,3050.1,3050.050000
1764326164380,3050.0,3050.1,3050.050000
1764326164631,3050.0,3050.1,3050.050000
1764326164885,3050.0,3050.1,3050.050000
1764326165137,3050.0,3050.1,3050.050000
1764326165403,3050.0,3050.1,3050.050000
1764326165654,3050.0,3050.1,3050.050000
1764326165913,3050.0,3050.3,3050.150000
1764326166164,3050.3,3050.4,3050.350000
1764326166416,3050.7,3050.8,3050.750000
1764326166670,3050.7,3050.8,3050.750000
1764326166920,3050.7,3050.8,3050.750000
1764326167172,3050.7,3050.8,3050.750000
1764326167423,3050.7,3050.8,3050.750000
1764326167675,3050.7,3050.8,3050.750000
1764326167925,3050.7,3050.8,3050.750000
1764326168175,3050.7,3050.8,3050.750000
1764326168428,3050.7,3050.8,3050.750000
1764326168678,3050.7,3050.8,3050.750000
1764326168943,3050.7,3050.8,3050.750000
1764326169203,3050.7,3050.8,3050.750000
1764326169453,3050.7,3050.8,3050.750000
1764326169713,3050.7,3050.8,3050.750000
1764326169977,3050.7,3050.8,3050.750000
1764326170233,3050.7,3050.8,3050.750000
1764326170483,3050.7,3050.8,3050.750000
1764326170734,3050.7,3050.8,3050.750000
1764326170995,3050.7,3050.8,3050.750000
1764326171246,3050.7,3050.8,3050.750000
1764326171497,3050.7,3050.8,3050.750000
1764326171755,3050.7,3050.8,3050.750000
1764326172005,3051.1,3051.2,3051.150000
1764326172257,3051.1,3051.2,3051.150000
1764326172507,3051.1,3051.2,3051.150000
1764326172758,3051.1,3051.2,3051.150000
1764326173008,3051.1,3051.2,3051.150000
1764326173259,3051.1,3051.2,3051.150000
1764326173509,3051.1,3051.2,3051.150000
1764326173759,3051.1,3051.2,3051.150000
1764326174009,3051.0,3051.1,3051.050000
1764326174259,3050.6,3050.7,3050.650000
1764326174510,3050.6,3050.7,3050.650000
1764326174761,3050.6,3050.7,3050.650000
1764326175013,3050.6,3050.7,3050.650000
1764326175269,3050.6,3050.7,3050.650000
1764326175519,3050.6,3050.7,3050.650000
1764326175771,3050.6,3050.7,3050.650000
1764326176021,3050.5,3050.6,3050.550000
1764326176272,3050.5,3050.6,3050.550000
1764326176522,3050.5,3050.6,3050.550000
1764326176772,3050.5,3050.6,3050.550000
1764326177023,3050.5,3050.6,3050.550000
1764326177273,3050.5,3050.6,3050.550000
1764326177525,3050.5,3050.6,3050.550000
1764326177779,3050.5,3050.6,3050.550000
1764326178030,3050.5,3050.6,3050.550000
1764326178283,3050.5,3050.6,3050.550000
1764326178537,3050.5,3050.6,3050.550000
1764326178788,3050.5,3050.6,3050.550000
1764326179047,3050.5,3050.6,3050.550000
1764326179301,3050.5,3050.6,3050.550000
1764326179551,3050.6,3050.7,3050.650000
1764326179801,3050.6,3050.7,3050.650000
1764326180052,3050.6,3050.7,3050.650000
1764326180310,3050.6,3050.7,3050.650000
1764326180562,3050.6,3050.7,3050.650000
1764326180814,3050.6,3050.7,3050.650000
1764326181064,3050.5,3050.6,3050.550000
1764326181316,3050.5,3050.6,3050.550000
1764326181568,3050.5,3050.6,3050.550000
1764326181819,3050.4,3050.5,3050.450000
1764326182069,3050.4,3050.5,3050.450000
1764326182321,3050.4,3050.5,3050.450000
1764326182571,3050.4,3050.5,3050.450000
1764326182822,3050.4,3050.5,3050.450000
1764326183073,3050.4,3050.5,3050.450000
1764326183323,3050.4,3050.5,3050.450000
1764326183578,3050.4,3050.5,3050.450000
1764326183829,3050.4,3050.5,3050.450000
1764326184087,3050.4,3050.5,3050.450000
1764326184338,3050.4,3050.5,3050.450000
1764326184590,3050.4,3050.5,3050.450000
1764326184842,3050.4,3050.5,3050.450000
1764326185092,3050.4,3050.5,3050.450000
1764326185344,3050.4,3050.5,3050.450000
1764326185594,3050.4,3050.5,3050.450000
1764326185850,3050.4,3050.5,3050.450000
1764326186101,3050.4,3050.5,3050.450000
1764326186354,3050.4,3050.5,3050.450000
1764326186606,3050.4,3050.5,3050.450000
1764326186858,3050.4,3050.5,3050.450000
1764326187110,3050.4,3050.5,3050.450000
1764326187362,3050.4,3050.5,3050.450000
1764326187612,3050.4,3050.5,3050.450000
1764326187866,3050.4,3050.5,3050.450000
1764326188116,3050.4,3050.5,3050.450000
1764326188366,3050.4,3050.5,3050.450000
1764326188616,3050.4,3050.5,3050.450000
1764326188869,3050.4,3050.5,3050.450000
1764326189119,3050.4,3050.5,3050.450000
1764326189372,3050.4,3050.5,3050.450000
1764326189622,3050.4,3050.5,3050.450000
1764326189872,3050.4,3050.5,3050.450000
1764326190123,3050.4,3050.5,3050.450000
1764326190379,3050.4,3050.5,3050.450000
1764326190630,3050.4,3050.5,3050.450000
1764326190882,3050.4,3050.5,3050.450000
1764326195547,3050.5,3050.6,3050.550000
1764326197952,3050.5,3050.6,3050.550000
1764326198208,3050.5,3050.6,3050.550000
1764326198465,3050.5,3050.6,3050.550000
1764326198716,3050.5,3050.6,3050.550000
1764326198973,3050.5,3050.6,3050.550000
1764326199227,3050.5,3050.6,3050.550000
1764326199484,3050.5,3050.6,3050.550000
1764326199735,3050.5,3050.6,3050.550000
1764326199985,3050.5,3050.6,3050.550000
1764326200235,3050.5,3050.6,3050.550000
1764326200485,3050.5,3050.6,3050.550000
1764326200740,3050.5,3050.6,3050.550000
1764326200990,3050.5,3050.6,3050.550000
1764326201240,3050.5,3050.6,3050.550000
1764326201495,3050.5,3050.6,3050.550000
1764326201753,3050.5,3050.6,3050.550000
1764326202006,3050.5,3050.6,3050.550000
1764326202266,3050.5,3050.6,3050.550000
1764326202518,3050.5,3050.6,3050.550000
1764326202768,3050.5,3050.6,3050.550000
1764326203021,3050.5,3050.6,3050.550000
1764326203276,3050.5,3050.6,3050.550000
1764326203527,3050.5,3050.6,3050.550000
1764326203777,3050.5,3050.6,3050.550000
1764326204031,3050.5,3050.6,3050.550000
1764326204282,3050.5,3050.6,3050.550000
1764326204535,3050.5,3050.6,3050.550000
1764326204786,3050.5,3050.6,3050.550000
1764326205038,3050.5,3050.6,3050.550000
1764326205289,3050.5,3050.6,3050.550000
1764326205545,3050.5,3050.6,3050.550000
1764326205796,3050.5,3050.6,3050.550000
1764326206048,3050.5,3050.6,3050.550000
1764326206300,3050.5,3050.6,3050.550000
1764326206552,3050.5,3050.6,3050.550000
1764326206808,3050.5,3050.6,3050.550000
1764326207062,3050.5,3050.6,3050.550000
1764326207313,3050.5,3050.6,3050.550000
1764326207564,3050.5,3050.6,3050.550000
1764326207814,3050.5,3050.6,3050.550000
1764326208071,3050.5,3050.6,3050.550000
1764326208321,3050.5,3050.6,3050.550000
1764326208571,3050.5,3050.6,3050.550000
1764326208824,3050.5,3050.6,3050.550000
1764326209080,3050.5,3050.6,3050.550000
1764326209334,3050.5,3050.6,3050.550000
1764326209584,3050.5,3050.6,3050.550000
1764326209839,3050.5,3050.6,3050.550000
1764326210092,3050.5,3050.6,3050.550000
1764326210342,3050.5,3050.6,3050.550000
1764326210594,3050.5,3050.6,3050.550000
1764326210848,3050.5,3050.6,3050.550000
1764326211104,3050.5,3050.6,3050.550000
1764326211365,3050.5,3050.6,3050.550000
1764326211615,3050.5,3050.6,3050.550000
1764326211868,3050.5,3050.6,3050.550000
1764326212120,3050.5,3050.6,3050.550000
1764326212376,3050.5,3050.6,3050.550000
1764326212626,3050.5,3050.6,3050.550000
1764326212876,3050.5,3050.6,3050.550000
1764326213130,3050.5,3050.6,3050.550000
1764326213381,3050.5,3050.6,3050.550000
1764326213632,3050.8,3050.9,3050.850000
1764326213889,3050.8,3050.9,3050.850000
1764326214141,3050.8,3050.9,3050.850000
1764326214392,3050.8,3050.9,3050.850000
1764326214646,3050.8,3050.9,3050.850000
1764326214899,3050.8,3050.9,3050.850000
1764326215158,3050.8,3050.9,3050.850000
1764326215408,3050.8,3050.9,3050.850000
1764326215658,3050.8,3050.9,3050.850000
1764326215908,3050.8,3050.9,3050.850000
1764326216158,3050.8,3050.9,3050.850000
1764326216409,3051.0,3051.1,3051.050000
1764326216659,3051.1,3051.2,3051.150000
1764326216910,3051.1,3051.2,3051.150000
1764326217162,3051.1,3051.2,3051.150000
1764326217418,3051.1,3051.2,3051.150000
1764326217668,3051.1,3051.2,3051.150000
1764326217918,3050.9,3051.0,3050.950000
1764326218171,3050.9,3051.0,3050.950000
1764326218421,3050.9,3051.0,3050.950000
1764326218672,3050.9,3051.0,3050.950000
1764326218922,3050.9,3051.0,3050.950000
1764326219174,3050.9,3051.0,3050.950000
1764326219424,3050.9,3051.0,3050.950000
1764326219678,3050.9,3051.0,3050.950000
1764326219930,3050.9,3051.0,3050.950000
1764326220180,3050.9,3051.0,3050.950000
1764326220430,3050.9,3051.0,3050.950000
1764326220680,3050.9,3051.0,3050.950000
1764326220930,3050.6,3050.7,3050.650000
1764326221180,3050.6,3050.7,3050.650000
1764326221430,3050.6,3050.7,3050.650000
1764326221680,3050.6,3050.7,3050.650000
1764326221932,3050.6,3050.7,3050.650000
1764326222192,3050.6,3050.7,3050.650000
1764326222453,3050.6,3050.7,3050.650000
1764326222705,3050.6,3050.7,3050.650000
1764326222957,3050.5,3050.6,3050.550000
1764326223207,3050.5,3050.6,3050.550000
1764326223457,3050.5,3050.6,3050.550000
1764326223707,3050.5,3050.6,3050.550000
1764326223957,3050.5,3050.6,3050.550000
1764326224211,3050.5,3050.6,3050.550000
1764326224465,3050.5,3050.6,3050.550000
1764326224715,3050.5,3050.6,3050.550000
1764326224968,3050.5,3050.6,3050.550000
1764326225218,3050.5,3050.6,3050.550000
1764326225468,3050.5,3050.7,3050.600000
1764326225719,3050.5,3050.7,3050.600000
1764326225970,3050.5,3050.7,3050.600000
1764326226220,3050.5,3050.7,3050.600000
1764326226470,3050.5,3050.7,3050.600000
1764326226722,3050.5,3050.8,3050.650000
1764326226972,3050.5,3050.8,3050.650000
1764326227222,3050.5,3050.8,3050.650000
1764326227472,3050.5,3050.8,3050.650000
1764326227723,3050.5,3050.8,3050.650000
1764326227973,3050.5,3050.8,3050.650000
1764326228223,3050.5,3050.8,3050.650000
1764326228473,3050.5,3050.8,3050.650000
1764326228724,3050.5,3050.8,3050.650000
1764326228974,3050.5,3050.8,3050.650000
1764326229224,3050.5,3050.8,3050.650000
1764326229474,3050.7,3050.8,3050.750000
1764326229727,3050.7,3050.8,3050.750000
1764326229977,3050.7,3050.8,3050.750000
1764326230228,3050.7,3050.8,3050.750000
1764326230484,3050.7,3050.8,3050.750000
1764326230737,3050.7,3050.8,3050.750000
1764326230987,3050.7,3050.8,3050.750000
1764326231238,3050.7,3050.8,3050.750000
1764326231491,3050.7,3050.8,3050.750000
1764326231741,3050.7,3050.8,3050.750000
1764326231997,3050.7,3050.8,3050.750000
1764326232251,3050.7,3050.8,3050.750000
1764326232503,3050.7,3050.8,3050.750000
1764326232753,3050.7,3050.8,3050.750000
1764326233006,3050.7,3051.0,3050.850000
1764326233256,3050.7,3051.0,3050.850000
1764326233507,3050.7,3051.0,3050.850000
1764326233758,3050.7,3050.8,3050.750000
1764326234008,3050.7,3050.8,3050.750000
1764326234258,3050.7,3050.8,3050.750000
1764326234511,3050.7,3050.8,3050.750000
1764326234769,3050.7,3050.8,3050.750000
1764326235019,3050.7,3050.8,3050.750000
1764326235270,3050.7,3050.8,3050.750000
1764326235520,3050.7,3050.8,3050.750000
1764326235781,3050.9,3051.0,3050.950000
1764326236032,3050.9,3051.0,3050.950000
1764326236285,3050.9,3051.0,3050.950000
1764326236535,3050.9,3051.0,3050.950000
1764326236786,3050.9,3051.0,3050.950000
1764326237036,3050.9,3051.0,3050.950000
1764326237286,3050.9,3051.0,3050.950000
1764326237538,3050.9,3051.0,3050.950000
1764326237790,3050.9,3051.0,3050.950000
1764326238040,3050.9,3051.0,3050.950000
1764326238290,3050.9,3051.0,3050.950000
1764326238540,3050.9,3051.0,3050.950000
1764326238791,3050.9,3051.0,3050.950000
1764326239041,3050.9,3051.0,3050.950000
1764326239291,3050.9,3051.0,3050.950000
1764326239541,3050.9,3051.0,3050.950000
1764326239792,3050.9,3051.0,3050.950000
1764326240042,3050.9,3051.0,3050.950000
1764326240292,3050.9,3051.0,3050.950000
1764326240546,3051.1,3051.2,3051.150000
1764326240797,3051.1,3051.2,3051.150000
1764326241055,3051.1,3051.2,3051.150000
1764326241306,3051.1,3051.2,3051.150000
1764326241557,3051.1,3051.2,3051.150000
1764326241810,3051.1,3051.2,3051.150000
1764326242066,3051.1,3051.2,3051.150000
1764326242316,3051.1,3051.2,3051.150000
1764326242570,3051.1,3051.2,3051.150000
1764326242821,3051.1,3051.2,3051.150000
1764326243074,3051.1,3051.2,3051.150000
1764326243329,3051.1,3051.2,3051.150000
1764326243579,3051.1,3051.2,3051.150000
1764326243830,3051.1,3051.2,3051.150000
1764326244081,3051.1,3051.2,3051.150000
1764326244332,3051.1,3051.2,3051.150000
1764326246436,3051.2,3051.3,3051.250000
1764326249368,3051.0,3051.1,3051.050000
1764326249618,3051.0,3051.1,3051.050000
1764326249868,3051.0,3051.1,3051.050000
1764326250119,3051.0,3051.1,3051.050000
1764326250369,3051.0,3051.1,3051.050000
1764326250619,3051.0,3051.1,3051.050000
1764326250870,3051.0,3051.1,3051.050000
1764326251120,3051.0,3051.1,3051.050000
1764326251378,3051.0,3051.1,3051.050000
1764326251628,3051.0,3051.1,3051.050000
1764326251882,3051.0,3051.1,3051.050000
1764326252134,3051.0,3051.1,3051.050000
1764326252394,3051.0,3051.1,3051.050000
1764326252651,3051.0,3051.1,3051.050000
1764326252902,3051.0,3051.1,3051.050000
1764326253152,3051.0,3051.1,3051.050000
1764326253408,3051.0,3051.1,3051.050000
1764326253669,3051.0,3051.1,3051.050000
1764326253920,3051.0,3051.1,3051.050000
1764326254171,3051.0,3051.1,3051.050000
1764326254427,3051.0,3051.1,3051.050000
1764326254677,3051.0,3051.1,3051.050000
1764326254927,3051.0,3051.1,3051.050000
1764326255184,3051.0,3051.1,3051.050000
1764326255444,3051.0,3051.1,3051.050000
1764326255704,3051.0,3051.1,3051.050000
1764326255963,3051.0,3051.1,3051.050000
1764326256213,3051.0,3051.1,3051.050000
1764326256464,3051.0,3051.1,3051.050000
1764326256717,3051.0,3051.1,3051.050000
1764326256971,3051.0,3051.1,3051.050000
1764326257221,3051.0,3051.1,3051.050000
1764326257471,3051.0,3051.1,3051.050000
1764326257721,3051.0,3051.1,3051.050000
1764326257971,3051.0,3051.1,3051.050000
1764326258228,3051.0,3051.1,3051.050000
1764326258479,3051.0,3051.1,3051.050000
1764326258730,3051.0,3051.1,3051.050000
1764326258985,3051.0,3051.1,3051.050000
1764326259237,3051.0,3051.1,3051.050000
1764326259510,3051.0,3051.1,3051.050000
1764326259760,3051.0,3051.1,3051.050000
1764326260013,3051.0,3051.1,3051.050000
1764326260291,3051.0,3051.1,3051.050000
1764326260546,3051.0,3051.1,3051.050000
1764326260799,3051.0,3051.1,3051.050000
1764326261056,3051.0,3051.1,3051.050000
1764326261306,3051.0,3051.1,3051.050000
1764326261559,3051.0,3051.1,3051.050000
1764326261809,3051.0,3051.1,3051.050000
1764326262069,3051.0,3051.1,3051.050000
1764326262319,3051.0,3051.1,3051.050000
1764326262570,3051.0,3051.1,3051.050000
1764326262820,3051.0,3051.1,3051.050000
1764326263071,3051.0,3051.1,3051.050000
1764326263322,3051.0,3051.1,3051.050000
1764326263574,3051.0,3051.1,3051.050000
1764326263824,3051.0,3051.1,3051.050000
1764326264075,3051.0,3051.1,3051.050000
1764326264325,3051.0,3051.1,3051.050000
1764326264576,3051.0,3051.1,3051.050000
1764326264826,3051.0,3051.1,3051.050000
1764326265079,3051.0,3051.1,3051.050000
1764326265329,3051.0,3051.1,3051.050000
1764326265579,3051.0,3051.1,3051.050000
1764326265829,3051.0,3051.1,3051.050000
1764326266081,3051.0,3051.1,3051.050000
1764326266334,3051.0,3051.1,3051.050000
1764326266589,3051.0,3051.1,3051.050000
1764326266840,3051.0,3051.1,3051.050000
1764326267115,3051.0,3051.1,3051.050000
1764326267374,3051.0,3051.1,3051.050000
1764326267624,3051.0,3051.1,3051.050000
1764326267876,3051.0,3051.1,3051.050000
1764326268127,3051.0,3051.1,3051.050000
1764326268378,3050.8,3050.9,3050.850000
1764326268629,3050.8,3050.9,3050.850000
1764326268880,3050.8,3050.9,3050.850000
1764326269130,3050.8,3050.9,3050.850000
1764326269383,3050.8,3050.9,3050.850000
1764326269633,3050.8,3050.9,3050.850000
1764326269885,3050.8,3050.9,3050.850000
1764326270136,3050.8,3050.9,3050.850000
1764326270388,3050.8,3050.9,3050.850000
1764326270641,3050.8,3050.9,3050.850000
1764326270900,3050.8,3050.9,3050.850000
1764326271159,3050.8,3050.9,3050.850000
1764326271411,3050.6,3050.7,3050.650000
1764326271662,3050.6,3050.7,3050.650000
1764326271912,3050.6,3050.7,3050.650000
1764326272162,3050.6,3050.7,3050.650000
1764326272414,3050.6,3050.7,3050.650000
1764326272665,3050.6,3050.7,3050.650000
1764326272917,3050.6,3050.7,3050.650000
1764326273170,3050.6,3050.7,3050.650000
1764326273420,3050.6,3050.7,3050.650000
1764326273670,3050.6,3050.7,3050.650000
1764326273920,3050.6,3050.7,3050.650000
1764326274170,3050.6,3050.7,3050.650000
1764326274421,3050.6,3050.7,3050.650000
1764326274671,3050.6,3050.7,3050.650000
1764326274927,3050.6,3050.7,3050.650000
1764326275187,3050.6,3050.7,3050.650000
1764326275437,3050.6,3050.7,3050.650000
1764326275689,3050.6,3050.7,3050.650000
1764326275940,3050.6,3050.7,3050.650000
1764326276194,3050.6,3050.7,3050.650000
1764326276444,3050.6,3050.7,3050.650000
1764326276695,3050.6,3050.7,3050.650000
1764326276945,3050.6,3050.7,3050.650000
1764326277196,3050.7,3050.8,3050.750000
1764326277446,3050.7,3050.8,3050.750000
1764326277698,3050.7,3050.8,3050.750000
1764326277949,3050.7,3050.8,3050.750000
1764326278203,3050.7,3050.8,3050.750000
1764326278454,3050.7,3050.8,3050.750000
1764326278705,3050.7,3050.8,3050.750000
1764326278956,3050.7,3050.8,3050.750000
1764326279208,3050.7,3050.8,3050.750000
1764326279481,3050.7,3050.8,3050.750000
1764326279731,3050.7,3050.8,3050.750000
1764326279984,3050.7,3050.8,3050.750000
1764326280238,3050.9,3051.0,3050.950000
1764326280488,3050.9,3051.0,3050.950000
1764326280739,3050.9,3051.0,3050.950000
1764326280990,3050.9,3051.0,3050.950000
1764326281240,3050.9,3051.0,3050.950000
1764326281490,3050.9,3051.0,3050.950000
1764326281741,3050.9,3051.0,3050.950000
1764326281998,3050.9,3051.0,3050.950000
1764326282249,3051.0,3051.1,3051.050000
1764326282499,3051.0,3051.1,3051.050000
1764326282750,3051.0,3051.1,3051.050000
1764326283000,3051.0,3051.1,3051.050000
1764326283257,3051.0,3051.1,3051.050000
1764326283509,3051.0,3051.1,3051.050000
1764326283759,3051.0,3051.1,3051.050000
1764326284009,3051.0,3051.1,3051.050000
1764326284260,3051.0,3051.1,3051.050000
1764326284511,3051.0,3051.1,3051.050000
1764326284771,3051.0,3051.1,3051.050000
1764326285021,3051.0,3051.1,3051.050000
1764326285277,3051.0,3051.1,3051.050000
1764326285528,3051.0,3051.1,3051.050000
1764326285778,3051.0,3051.1,3051.050000
1764326286030,3051.0,3051.1,3051.050000
1764326286283,3051.0,3051.1,3051.050000
1764326286534,3051.0,3051.1,3051.050000
1764326286784,3051.0,3051.1,3051.050000
1764326287042,3051.0,3051.1,3051.050000
1764326287298,3051.0,3051.1,3051.050000
1764326287555,3051.0,3051.1,3051.050000
1764326287805,3051.0,3051.1,3051.050000
1764326288059,3051.1,3051.2,3051.150000
1764326288309,3051.1,3051.2,3051.150000
1764326288559,3051.2,3051.3,3051.250000
1764326288810,3051.2,3051.3,3051.250000
1764326289060,3051.3,3051.4,3051.350000
1764326289310,3051.3,3051.4,3051.350000
1764326289560,3051.3,3051.4,3051.350000
1764326289810,3051.3,3051.4,3051.350000
1764326290061,3051.3,3051.4,3051.350000
1764326290311,3051.3,3051.4,3051.350000
1764326290565,3051.3,3051.4,3051.350000
1764326290815,3051.3,3051.4,3051.350000
1764326291066,3051.3,3051.4,3051.350000
1764326291316,3051.2,3051.3,3051.250000
1764326291568,3051.2,3051.3,3051.250000
1764326291819,3051.2,3051.3,3051.250000
1764326292070,3051.1,3051.2,3051.150000
1764326292320,3051.1,3051.2,3051.150000
1764326292571,3051.1,3051.2,3051.150000
1764326292821,3051.1,3051.2,3051.150000
1764326293074,3051.1,3051.2,3051.150000
1764326293325,3051.1,3051.2,3051.150000
1764326293580,3051.1,3051.2,3051.150000
1764326293830,3051.1,3051.2,3051.150000
1764326294086,3051.1,3051.2,3051.150000
1764326294337,3051.0,3051.1,3051.050000
1764326294589,3051.0,3051.1,3051.050000
1764326294839,3051.0,3051.1,3051.050000
1764326295089,3051.0,3051.1,3051.050000
1764326295340,3051.0,3051.1,3051.050000
1764326295590,3051.0,3051.1,3051.050000
1764326295841,3051.0,3051.1,3051.050000
1764326296091,3051.0,3051.1,3051.050000
1764326296341,3051.0,3051.1,3051.050000
1764326296591,3051.0,3051.1,3051.050000
1764326296841,3051.0,3051.1,3051.050000
1764326297092,3051.0,3051.1,3051.050000
1764326297343,3051.0,3051.1,3051.050000
1764326297593,3051.0,3051.1,3051.050000
1764326297844,3051.0,3051.1,3051.050000
1764326298094,3051.0,3051.1,3051.050000
1764326298354,3051.0,3051.1,3051.050000
1764326298604,3051.0,3051.1,3051.050000
1764326298855,3051.0,3051.1,3051.050000
1764326299108,3051.0,3051.1,3051.050000
1764326299359,3051.0,3051.1,3051.050000
1764326299610,3051.0,3051.1,3051.050000
1764326299860,3051.0,3051.1,3051.050000
1764326300110,3051.0,3051.1,3051.050000
1764326300361,3051.0,3051.1,3051.050000
1764326300611,3051.0,3051.1,3051.050000
1764326300862,3051.0,3051.1,3051.050000
1764326301115,3051.0,3051.1,3051.050000
1764326301372,3051.0,3051.1,3051.050000
1764326301625,3051.0,3051.1,3051.050000
1764326301883,3051.0,3051.1,3051.050000
1764326302141,3051.0,3051.1,3051.050000
1764326302391,3051.0,3051.1,3051.050000
1764326302643,3051.0,3051.1,3051.050000
1764326302897,3051.0,3051.1,3051.050000
1764326303151,3051.0,3051.1,3051.050000
1764326303402,3051.0,3051.1,3051.050000
1764326303653,3051.0,3051.1,3051.050000
1764326303908,3051.0,3051.1,3051.050000
1764326304161,3051.0,3051.1,3051.050000
1764326304412,3051.2,3051.3,3051.250000
1764326304662,3051.3,3051.4,3051.350000
1764326304912,3051.3,3051.4,3051.350000
1764326305162,3051.3,3051.4,3051.350000
1764326305412,3051.3,3051.4,3051.350000
1764326305662,3051.3,3051.4,3051.350000
1764326305913,3051.3,3051.4,3051.350000
1764326306167,3051.3,3051.4,3051.350000
1764326306418,3051.3,3051.4,3051.350000
1764326306668,3051.3,3051.4,3051.350000
1764326306920,3051.3,3051.4,3051.350000
1764326307173,3051.3,3051.4,3051.350000
1764326307424,3051.3,3051.4,3051.350000
1764326307676,3051.3,3051.4,3051.350000
1764326307929,3051.3,3051.4,3051.350000
1764326308182,3051.3,3051.4,3051.350000
1764326308432,3051.3,3051.4,3051.350000
1764326308682,3051.3,3051.4,3051.350000
1764326308932,3051.3,3051.4,3051.350000
1764326309187,3051.3,3051.4,3051.350000
1764326309438,3051.3,3051.4,3051.350000
1764326309688,3051.3,3051.4,3051.350000
1764326309941,3051.3,3051.4,3051.350000
1764326310191,3051.3,3051.4,3051.350000
1764326310445,3051.3,3051.4,3051.350000
1764326310697,3051.3,3051.4,3051.350000
1764326310948,3051.3,3051.4,3051.350000
1764326311205,3051.3,3051.4,3051.350000
1764326311457,3051.3,3051.4,3051.350000
1764326311713,3051.3,3051.4,3051.350000
1764326311968,3051.3,3051.4,3051.350000
1764326312218,3051.3,3051.4,3051.350000
1764326312468,3051.3,3051.4,3051.350000
1764326312718,3051.3,3051.4,3051.350000
1764326312968,3051.3,3051.4,3051.350000
1764326313218,3051.3,3051.4,3051.350000
1764326313468,3051.3,3051.4,3051.350000
1764326313718,3051.3,3051.4,3051.350000
1764326313970,3051.3,3051.4,3051.350000
1764326314220,3051.3,3051.4,3051.350000
1764326314472,3051.3,3051.4,3051.350000
1764326314722,3051.3,3051.4,3051.350000
1764326314973,3051.3,3051.4,3051.350000
1764326315226,3051.3,3051.4,3051.350000
1764326315478,3051.3,3051.4,3051.350000
1764326315738,3051.3,3051.4,3051.350000
1764326315992,3051.3,3051.4,3051.350000
1764326316253,3051.3,3051.4,3051.350000
1764326316505,3051.3,3051.4,3051.350000
1764326316755,3051.3,3051.4,3051.350000
1764326317010,3051.3,3051.4,3051.350000
1764326317266,3051.3,3051.4,3051.350000
1764326317517,3051.3,3051.4,3051.350000
1764326317767,3051.3,3051.4,3051.350000
1764326318018,3051.3,3051.4,3051.350000
1764326318279,3051.3,3051.4,3051.350000
1764326318535,3051.3,3051.4,3051.350000
1764326318786,3051.3,3051.4,3051.350000
1764326319039,3051.3,3051.4,3051.350000
1764326319300,3051.3,3051.4,3051.350000
1764326319551,3051.3,3051.4,3051.350000
1764326319806,3051.3,3051.4,3051.350000
1764326320062,3051.3,3051.4,3051.350000
1764326320312,3051.3,3051.4,3051.350000
1764326320564,3051.3,3051.4,3051.350000
1764326320816,3051.3,3051.4,3051.350000
1764326321067,3051.3,3051.4,3051.350000
1764326321317,3051.3,3051.4,3051.350000
1764326321569,3051.3,3051.4,3051.350000
1764326321819,3051.3,3051.4,3051.350000
1764326322077,3051.3,3051.4,3051.350000
1764326322327,3051.1,3051.2,3051.150000
1764326322577,3051.1,3051.2,3051.150000
1764326322829,3051.1,3051.2,3051.150000
1764326323079,3051.1,3051.2,3051.150000
1764326323329,3051.1,3051.2,3051.150000
1764326323581,3051.1,3051.2,3051.150000
1764326323831,3051.1,3051.2,3051.150000
1764326324083,3051.1,3051.2,3051.150000
1764326324333,3051.1,3051.2,3051.150000
1764326324584,3051.1,3051.2,3051.150000
1764326324834,3051.1,3051.2,3051.150000
1764326325085,3051.1,3051.2,3051.150000
1764326325338,3051.1,3051.2,3051.150000
1764326325588,3051.1,3051.2,3051.150000
1764326325839,3051.1,3051.2,3051.150000
1764326326091,3051.1,3051.2,3051.150000
1764326326341,3051.1,3051.2,3051.150000
1764326326593,3051.1,3051.2,3051.150000
1764326326844,3051.1,3051.2,3051.150000
1764326327100,3051.1,3051.2,3051.150000
1764326327358,3051.1,3051.2,3051.150000
1764326327608,3051.1,3051.2,3051.150000
1764326327867,3051.1,3051.2,3051.150000
1764326328118,3051.1,3051.2,3051.150000
1764326328368,3051.1,3051.2,3051.150000
1764326328618,3051.1,3051.2,3051.150000
1764326328869,3051.1,3051.2,3051.150000
1764326329120,3051.1,3051.2,3051.150000
1764326329373,3051.1,3051.2,3051.150000
1764326329623,3051.1,3051.2,3051.150000
1764326329873,3051.1,3051.2,3051.150000
1764326330124,3051.1,3051.2,3051.150000
1764326330374,3051.1,3051.2,3051.150000
1764326330624,3051.1,3051.2,3051.150000
1764326330878,3051.1,3051.2,3051.150000
1764326331129,3051.1,3051.2,3051.150000
1764326331379,3051.1,3051.2,3051.150000
1764326331630,3051.1,3051.2,3051.150000
1764326331882,3051.1,3051.2,3051.150000
1764326332135,3051.1,3051.2,3051.150000
1764326332385,3051.1,3051.2,3051.150000
1764326332641,3051.1,3051.2,3051.150000
1764326332891,3051.1,3051.2,3051.150000
1764326333148,3051.1,3051.2,3051.150000
1764326333399,3051.1,3051.2,3051.150000
1764326333649,3051.1,3051.2,3051.150000
1764326333900,3051.1,3051.2,3051.150000
1764326334151,3051.1,3051.2,3051.150000
1764326334401,3051.1,3051.2,3051.150000
1764326334652,3051.1,3051.2,3051.150000
1764326334905,3051.1,3051.2,3051.150000
1764326335155,3051.1,3051.2,3051.150000
1764326335408,3051.1,3051.2,3051.150000
1764326335668,3051.2,3051.3,3051.250000
1764326335918,3051.2,3051.3,3051.250000
1764326336171,3051.2,3051.3,3051.250000
1764326336421,3051.2,3051.3,3051.250000
1764326336671,3051.3,3051.4,3051.350000
1764326336923,3051.3,3051.4,3051.350000
1764326337173,3051.3,3051.4,3051.350000
1764326337423,3051.3,3051.4,3051.350000
1764326337676,3051.3,3051.4,3051.350000
1764326337927,3051.3,3051.4,3051.350000
1764326338179,3051.3,3051.4,3051.350000
1764326338430,3051.3,3051.4,3051.350000
1764326338680,3051.3,3051.4,3051.350000
1764326338932,3051.3,3051.4,3051.350000
1764326339183,3051.3,3051.4,3051.350000
1764326339434,3051.3,3051.4,3051.350000
1764326339684,3051.3,3051.4,3051.350000
1764326339936,3051.3,3051.4,3051.350000
1764326340186,3051.3,3051.4,3051.350000
1764326340438,3051.3,3051.4,3051.350000
1764326340691,3051.3,3051.4,3051.350000
1764326340941,3051.3,3051.4,3051.350000
1764326341194,3051.3,3051.4,3051.350000
1764326341445,3051.3,3051.4,3051.350000
1764326341698,3051.3,3051.4,3051.350000
1764326341948,3051.3,3051.4,3051.350000
1764326342198,3051.3,3051.4,3051.350000
1764326342452,3051.3,3051.4,3051.350000
1764326342702,3051.3,3051.4,3051.350000
1764326342962,3051.3,3051.4,3051.350000
1764326343212,3051.3,3051.4,3051.350000
1764326343463,3051.3,3051.4,3051.350000
1764326343715,3051.3,3051.4,3051.350000
1764326343966,3051.3,3051.4,3051.350000
1764326344218,3051.3,3051.4,3051.350000
1764326344468,3051.3,3051.4,3051.350000
1764326344718,3051.3,3051.4,3051.350000
1764326344973,3051.3,3051.4,3051.350000
1764326345223,3051.3,3051.4,3051.350000
1764326345474,3051.3,3051.4,3051.350000
1764326345732,3051.3,3051.4,3051.350000
1764326345989,3051.3,3051.4,3051.350000
1764326346243,3051.3,3051.4,3051.350000
1764326346498,3051.3,3051.4,3051.350000
1764326346756,3051.3,3051.4,3051.350000
1764326347006,3051.3,3051.4,3051.350000
1764326347258,3051.3,3051.4,3051.350000
1764326347510,3051.3,3051.4,3051.350000
1764326347760,3051.3,3051.4,3051.350000
1764326348013,3051.3,3051.4,3051.350000
1764326348272,3051.3,3051.4,3051.350000
1764326348522,3051.2,3051.3,3051.250000
1764326348774,3051.2,3051.3,3051.250000
1764326349030,3051.2,3051.3,3051.250000
1764326349281,3051.1,3051.3,3051.200000
1764326349531,3051.2,3051.3,3051.250000
1764326349785,3051.2,3051.3,3051.250000
1764326350035,3051.2,3051.3,3051.250000
1764326350285,3051.2,3051.3,3051.250000
1764326350536,3051.2,3051.3,3051.250000
1764326350786,3051.2,3051.3,3051.250000
1764326351038,3051.2,3051.3,3051.250000
1764326351291,3051.2,3051.3,3051.250000
1764326351545,3051.2,3051.3,3051.250000
1764326351796,3051.2,3051.3,3051.250000
1764326352052,3051.2,3051.3,3051.250000
1764326352307,3051.2,3051.3,3051.250000
1764326352557,3051.2,3051.3,3051.250000
1764326352815,3051.2,3051.3,3051.250000
1764326353066,3051.2,3051.3,3051.250000
1764326353316,3051.2,3051.3,3051.250000
1764326353568,3051.2,3051.3,3051.250000
1764326353818,3051.2,3051.3,3051.250000
1764326354068,3051.2,3051.3,3051.250000
1764326354318,3051.2,3051.3,3051.250000
1764326354571,3051.2,3051.3,3051.250000
1764326354821,3051.2,3051.3,3051.250000
1764326355071,3051.2,3051.3,3051.250000
1764326355322,3051.2,3051.3,3051.250000
1764326355572,3051.2,3051.3,3051.250000
1764326355824,3051.2,3051.3,3051.250000
1764326356080,3051.2,3051.3,3051.250000
1764326356335,3051.2,3051.3,3051.250000
1764326356592,3051.2,3051.3,3051.250000
1764326356848,3051.2,3051.3,3051.250000
1764326357098,3051.2,3051.3,3051.250000
1764326357350,3051.2,3051.3,3051.250000
1764326357603,3051.2,3051.3,3051.250000
1764326357856,3051.2,3051.3,3051.250000
1764326358107,3051.2,3051.3,3051.250000
1764326358360,3051.2,3051.3,3051.250000
1764326358611,3051.2,3051.3,3051.250000
1764326358870,3051.2,3051.3,3051.250000
1764326359120,3051.2,3051.3,3051.250000
1764326359372,3051.2,3051.3,3051.250000
1764326359622,3051.2,3051.3,3051.250000
1764326359878,3051.2,3051.3,3051.250000
1764326360128,3051.2,3051.3,3051.250000
1764326360380,3051.2,3051.3,3051.250000
1764326360631,3051.2,3051.3,3051.250000
1764326360883,3051.2,3051.3,3051.250000
1764326361133,3051.2,3051.3,3051.250000
1764326361392,3051.2,3051.3,3051.250000
1764326361643,3051.3,3051.4,3051.350000
1764326361894,3051.3,3051.4,3051.350000
1764326362144,3051.3,3051.4,3051.350000
1764326362395,3051.3,3051.4,3051.350000
1764326362645,3051.3,3051.4,3051.350000
1764326362895,3051.3,3051.4,3051.350000
1764326363146,3051.3,3051.4,3051.350000
1764326363405,3051.3,3051.4,3051.350000
1764326363664,3051.3,3051.4,3051.350000
1764326363917,3051.3,3051.4,3051.350000
1764326364176,3051.3,3051.4,3051.350000
1764326364426,3051.3,3051.4,3051.350000
1764326364677,3051.3,3051.4,3051.350000
1764326364931,3051.3,3051.4,3051.350000
1764326365181,3051.3,3051.4,3051.350000
1764326365431,3051.3,3051.4,3051.350000
1764326365683,3051.3,3051.4,3051.350000
1764326365933,3051.3,3051.4,3051.350000
1764326366183,3051.3,3051.4,3051.350000
1764326366434,3051.3,3051.4,3051.350000
1764326366684,3051.3,3051.4,3051.350000
1764326366938,3051.3,3051.4,3051.350000
1764326367194,3051.3,3051.4,3051.350000
1764326367445,3051.3,3051.4,3051.350000
1764326367698,3051.3,3051.4,3051.350000
1764326367948,3051.3,3051.4,3051.350000
1764326368198,3051.3,3051.4,3051.350000
1764326368450,3051.3,3051.4,3051.350000
1764326368701,3051.3,3051.4,3051.350000
1764326368958,3051.3,3051.4,3051.350000
1764326369212,3051.3,3051.4,3051.350000
1764326369466,3051.3,3051.4,3051.350000
1764326369717,3051.3,3051.4,3051.350000
1764326369971,3051.3,3051.4,3051.350000
1764326370223,3051.3,3051.4,3051.350000
1764326370473,3051.3,3051.4,3051.350000
1764326370723,3051.3,3051.4,3051.350000
1764326370983,3051.3,3051.4,3051.350000
1764326371236,3051.3,3051.4,3051.350000
1764326371487,3051.3,3051.4,3051.350000
1764326371737,3051.3,3051.4,3051.350000
1764326371989,3051.3,3051.4,3051.350000
1764326372243,3051.3,3051.4,3051.350000
1764326372493,3051.3,3051.4,3051.350000
1764326372745,3051.3,3051.4,3051.350000
1764326372997,3051.3,3051.4,3051.350000
1764326373248,3051.3,3051.4,3051.350000
1764326373499,3051.3,3051.4,3051.350000
1764326373755,3051.3,3051.4,3051.350000
1764326374011,3051.3,3051.4,3051.350000
1764326374264,3051.5,3051.6,3051.550000
1764326374515,3051.6,3051.7,3051.650000
1764326374765,3051.6,3051.7,3051.650000
1764326375016,3051.8,3051.9,3051.850000
1764326375266,3051.8,3051.9,3051.850000
1764326375518,3051.8,3051.9,3051.850000
1764326375768,3051.8,3051.9,3051.850000
1764326376018,3051.8,3051.9,3051.850000
1764326376269,3051.8,3051.9,3051.850000
1764326376520,3051.9,3052.0,3051.950000
1764326376770,3052.1,3052.2,3052.150000
1764326377020,3052.1,3052.2,3052.150000
1764326377272,3052.1,3052.2,3052.150000
1764326377526,3052.2,3052.3,3052.250000
1764326377779,3052.2,3052.3,3052.250000
1764326378032,3052.2,3052.3,3052.250000
1764326378288,3052.2,3052.3,3052.250000
1764326378548,3052.2,3052.3,3052.250000
1764326378807,3052.2,3052.3,3052.250000
1764326379063,3052.2,3052.3,3052.250000
1764326379314,3052.2,3052.3,3052.250000
1764326379564,3052.2,3052.3,3052.250000
1764326379817,3052.2,3052.3,3052.250000
1764326380068,3052.2,3052.3,3052.250000
1764326380318,3052.2,3052.3,3052.250000
1764326380569,3052.2,3052.3,3052.250000
1764326380819,3052.2,3052.3,3052.250000
1764326381070,3052.2,3052.3,3052.250000
1764326381320,3052.2,3052.3,3052.250000
1764326381572,3052.2,3052.3,3052.250000
1764326381828,3052.2,3052.3,3052.250000
1764326382078,3052.2,3052.3,3052.250000
1764326382338,3052.2,3052.3,3052.250000
1764326382589,3052.2,3052.3,3052.250000
1764326382844,3052.2,3052.3,3052.250000
1764326383098,3052.2,3052.3,3052.250000
1764326383351,3052.2,3052.3,3052.250000
1764326383601,3052.2,3052.3,3052.250000
1764326383851,3052.2,3052.3,3052.250000
1764326384102,3052.2,3052.3,3052.250000
1764326384352,3052.2,3052.3,3052.250000
1764326384603,3052.2,3052.3,3052.250000
1764326384853,3052.2,3052.3,3052.250000
1764326385107,3052.2,3052.3,3052.250000
1764326385357,3052.2,3052.3,3052.250000
1764326385608,3052.2,3052.3,3052.250000
1764326385863,3052.2,3052.3,3052.250000
1764326386113,3052.2,3052.3,3052.250000
1764326386365,3052.2,3052.3,3052.250000
1764326386616,3052.2,3052.3,3052.250000
1764326386867,3052.2,3052.3,3052.250000
1764326387118,3052.2,3052.3,3052.250000
1764326387368,3052.2,3052.3,3052.250000
1764326387618,3052.2,3052.3,3052.250000
1764326387868,3052.2,3052.3,3052.250000
1764326388118,3052.2,3052.3,3052.250000
1764326388370,3052.2,3052.3,3052.250000
1764326388620,3052.2,3052.3,3052.250000
1764326388871,3052.2,3052.3,3052.250000
1764326389121,3052.2,3052.3,3052.250000
1764326389374,3052.2,3052.3,3052.250000
1764326389624,3052.2,3052.3,3052.250000
1764326389875,3052.2,3052.3,3052.250000
1764326390126,3052.2,3052.3,3052.250000
1764326390376,3052.2,3052.3,3052.250000
1764326390626,3052.2,3052.3,3052.250000
1764326390881,3052.2,3052.3,3052.250000
1764326391137,3052.2,3052.3,3052.250000
1764326391389,3052.2,3052.3,3052.250000
1764326391642,3052.2,3052.3,3052.250000
1764326391904,3052.2,3052.3,3052.250000
1764326392160,3052.2,3052.3,3052.250000
1764326392411,3052.2,3052.3,3052.250000
1764326392662,3052.2,3052.3,3052.250000
1764326392912,3052.2,3052.3,3052.250000
1764326393164,3052.2,3052.3,3052.250000
1764326393414,3052.2,3052.3,3052.250000
1764326393669,3052.2,3052.3,3052.250000
1764326393919,3052.2,3052.3,3052.250000
1764326394169,3052.2,3052.3,3052.250000
1764326394419,3052.2,3052.3,3052.250000
1764326394672,3052.2,3052.3,3052.250000
1764326394926,3052.2,3052.3,3052.250000
1764326395186,3052.2,3052.3,3052.250000
1764326395446,3052.2,3052.3,3052.250000
1764326395707,3052.2,3052.3,3052.250000
1764326395965,3052.2,3052.3,3052.250000
1764326396216,3052.2,3052.3,3052.250000
1764326396466,3052.2,3052.3,3052.250000
1764326396716,3052.2,3052.3,3052.250000
1764326396966,3052.2,3052.3,3052.250000
1764326397216,3052.2,3052.3,3052.250000
1764326397476,3052.2,3052.3,3052.250000
1764326397728,3052.2,3052.3,3052.250000
1764326397989,3052.2,3052.3,3052.250000
1764326398240,3052.2,3052.3,3052.250000
1764326398490,3052.2,3052.3,3052.250000
1764326398743,3052.2,3052.3,3052.250000
1764326398993,3052.2,3052.3,3052.250000
1764326399249,3052.2,3052.3,3052.250000
1764326399505,3052.2,3052.3,3052.250000
1764326399755,3052.2,3052.3,3052.250000
1764326400005,3052.2,3052.3,3052.250000
1764326400256,3052.2,3052.3,3052.250000
1764326400506,3052.2,3052.3,3052.250000
1764326400756,3052.2,3052.3,3052.250000
1764326401010,3052.2,3052.3,3052.250000
1764326401260,3052.2,3052.3,3052.250000
1764326401510,3052.2,3052.3,3052.250000
1764326401762,3052.2,3052.3,3052.250000
1764326402013,3052.5,3052.6,3052.550000
1764326402263,3052.5,3052.6,3052.550000
1764326402513,3052.5,3052.6,3052.550000
1764326402763,3052.5,3052.6,3052.550000
1764326403014,3052.5,3052.6,3052.550000
1764326403265,3052.5,3052.6,3052.550000
1764326403515,3052.5,3052.6,3052.550000
1764326403766,3052.5,3052.6,3052.550000
1764326404016,3052.7,3052.8,3052.750000
1764326404267,3052.7,3052.8,3052.750000
1764326404517,3052.7,3052.8,3052.750000
1764326404767,3052.7,3052.8,3052.750000
1764326405018,3052.7,3052.8,3052.750000
1764326405271,3052.7,3052.8,3052.750000
1764326405521,3052.7,3052.8,3052.750000
1764326405771,3052.7,3052.8,3052.750000
1764326406021,3052.7,3052.8,3052.750000
1764326406273,3052.7,3052.8,3052.750000
1764326406524,3052.7,3052.8,3052.750000
1764326406775,3052.7,3052.8,3052.750000
1764326407026,3052.7,3052.8,3052.750000
1764326407276,3052.7,3052.8,3052.750000
1764326407529,3052.7,3052.8,3052.750000
1764326407780,3052.7,3052.8,3052.750000
1764326408032,3052.7,3052.8,3052.750000
1764326408282,3052.7,3052.8,3052.750000
1764326408533,3052.7,3052.8,3052.750000
1764326408792,3052.7,3052.8,3052.750000
1764326409047,3052.7,3052.8,3052.750000
1764326409300,3052.7,3052.8,3052.750000
1764326409560,3052.7,3052.8,3052.750000
1764326409811,3052.7,3052.8,3052.750000
1764326410061,3052.7,3052.8,3052.750000
1764326410314,3052.7,3052.8,3052.750000
1764326410568,3052.7,3052.8,3052.750000
1764326410819,3052.7,3052.8,3052.750000
1764326411070,3052.7,3052.8,3052.750000
1764326411322,3052.7,3052.8,3052.750000
1764326411572,3052.7,3052.8,3052.750000
1764326411826,3052.7,3052.8,3052.750000
1764326412076,3052.7,3052.8,3052.750000
1764326412328,3052.7,3052.8,3052.750000
1764326412581,3052.7,3052.8,3052.750000
1764326412834,3052.7,3052.8,3052.750000
1764326413095,3052.7,3052.8,3052.750000
1764326413347,3052.7,3052.8,3052.750000
1764326413606,3052.7,3052.8,3052.750000
1764326413857,3052.7,3052.8,3052.750000
1764326414109,3052.7,3052.8,3052.750000
1764326414360,3052.7,3052.8,3052.750000
1764326414614,3052.7,3052.8,3052.750000
1764326414865,3052.7,3052.8,3052.750000
1764326415118,3052.7,3052.8,3052.750000
1764326415369,3052.7,3052.8,3052.750000
1764326415619,3052.7,3052.8,3052.750000
1764326415873,3052.7,3052.8,3052.750000
1764326416129,3052.7,3052.8,3052.750000
1764326416383,3052.7,3052.8,3052.750000
1764326416634,3052.7,3052.8,3052.750000
1764326416888,3052.7,3052.8,3052.750000
1764326417139,3052.7,3052.8,3052.750000
1764326417395,3052.7,3052.8,3052.750000
1764326417647,3052.7,3052.8,3052.750000
1764326417897,3052.7,3052.8,3052.750000
1764326418156,3052.7,3052.8,3052.750000
1764326418410,3052.7,3052.8,3052.750000
1764326418664,3052.7,3052.8,3052.750000
1764326418916,3052.7,3052.8,3052.750000
1764326419171,3052.7,3052.8,3052.750000
1764326419421,3052.7,3052.8,3052.750000
1764326419671,3052.7,3052.8,3052.750000
1764326419921,3052.7,3052.8,3052.750000
1764326420171,3052.7,3052.8,3052.750000
1764326420421,3052.7,3052.8,3052.750000
1764326420672,3052.7,3052.8,3052.750000
1764326420922,3052.6,3052.8,3052.700000
1764326421172,3052.6,3052.8,3052.700000
1764326421423,3052.1,3052.2,3052.150000
1764326421673,3052.1,3052.2,3052.150000
1764326421923,3052.1,3052.2,3052.150000
1764326422174,3052.1,3052.2,3052.150000
1764326422425,3052.1,3052.2,3052.150000
1764326422689,3052.1,3052.2,3052.150000
1764326422944,3052.1,3052.2,3052.150000
1764326423195,3052.1,3052.2,3052.150000
1764326423454,3052.1,3052.2,3052.150000
1764326423708,3052.1,3052.2,3052.150000
1764326423959,3052.1,3052.2,3052.150000
1764326424211,3052.1,3052.2,3052.150000
1764326424462,3052.1,3052.2,3052.150000
1764326424712,3052.1,3052.2,3052.150000
1764326424962,3052.1,3052.2,3052.150000
1764326425213,3052.1,3052.2,3052.150000
1764326425464,3052.1,3052.2,3052.150000
1764326425716,3052.1,3052.2,3052.150000
1764326425971,3052.1,3052.2,3052.150000
1764326426221,3052.1,3052.2,3052.150000
1764326426471,3052.1,3052.2,3052.150000
1764326426721,3052.0,3052.1,3052.050000
1764326426972,3052.0,3052.1,3052.050000
1764326427234,3052.0,3052.1,3052.050000
1764326427492,3052.0,3052.1,3052.050000
1764326427746,3052.0,3052.1,3052.050000
1764326428000,3052.0,3052.1,3052.050000
1764326428262,3052.0,3052.1,3052.050000
1764326428515,3052.0,3052.1,3052.050000
1764326428777,3052.0,3052.1,3052.050000
1764326429027,3052.0,3052.1,3052.050000
1764326429279,3052.0,3052.1,3052.050000
1764326429529,3052.0,3052.1,3052.050000
1764326429786,3052.0,3052.1,3052.050000
1764326430040,3052.0,3052.1,3052.050000
1764326430293,3052.0,3052.1,3052.050000
1764326430544,3052.0,3052.1,3052.050000
1764326430794,3052.0,3052.1,3052.050000
1764326431048,3052.0,3052.1,3052.050000
1764326431300,3052.0,3052.1,3052.050000
1764326431550,3052.0,3052.1,3052.050000
1764326431803,3052.0,3052.1,3052.050000
1764326432056,3052.0,3052.1,3052.050000
1764326432311,3052.0,3052.1,3052.050000
1764326432570,3052.0,3052.1,3052.050000
1764326432822,3052.0,3052.1,3052.050000
1764326433075,3052.0,3052.1,3052.050000
1764326433325,3052.0,3052.1,3052.050000
1764326433575,3052.0,3052.1,3052.050000
1764326433829,3051.9,3052.0,3051.950000
1764326434082,3051.9,3052.0,3051.950000
1764326434340,3051.9,3052.0,3051.950000
1764326434593,3051.9,3052.0,3051.950000
1764326434849,3051.9,3052.0,3051.950000
1764326435100,3051.9,3052.0,3051.950000
1764326435350,3051.9,3052.0,3051.950000
1764326435600,3051.9,3052.0,3051.950000
1764326435850,3051.9,3052.0,3051.950000
1764326436102,3051.9,3052.0,3051.950000
1764326436352,3051.9,3052.0,3051.950000
1764326436602,3051.9,3052.0,3051.950000
1764326436852,3051.9,3052.0,3051.950000
1764326437102,3051.9,3052.0,3051.950000
1764326437354,3051.9,3052.0,3051.950000
1764326437612,3051.9,3052.0,3051.950000
1764326437866,3051.9,3052.0,3051.950000
1764326438116,3051.9,3052.0,3051.950000
1764326438369,3051.9,3052.0,3051.950000
1764326438620,3051.9,3052.0,3051.950000
1764326438872,3051.9,3052.0,3051.950000
1764326439129,3051.9,3052.0,3051.950000
1764326439379,3051.9,3052.0,3051.950000
1764326439629,3051.9,3052.0,3051.950000
1764326439879,3051.9,3052.0,3051.950000
1764326440132,3051.9,3052.0,3051.950000
1764326440382,3051.9,3052.0,3051.950000
1764326440640,3051.9,3052.0,3051.950000
1764326440891,3051.9,3052.0,3051.950000
1764326441144,3051.9,3052.0,3051.950000
1764326441394,3051.9,3052.0,3051.950000
1764326441644,3051.9,3052.0,3051.950000
1764326441898,3051.9,3052.0,3051.950000
1764326442150,3051.9,3052.0,3051.950000
1764326442401,3051.9,3052.0,3051.950000
1764326442655,3051.9,3052.0,3051.950000
1764326442913,3051.9,3052.0,3051.950000
1764326443173,3051.9,3052.0,3051.950000
1764326443424,3051.9,3052.0,3051.950000
1764326443674,3051.9,3052.0,3051.950000
1764326443928,3051.9,3052.0,3051.950000
1764326444178,3051.9,3052.0,3051.950000
1764326444429,3051.9,3052.0,3051.950000
1764326444690,3051.9,3052.0,3051.950000
1764326444943,3051.9,3052.0,3051.950000
1764326445196,3051.9,3052.0,3051.950000
1764326445450,3051.9,3052.0,3051.950000
1764326445703,3051.9,3052.0,3051.950000
1764326445964,3051.9,3052.0,3051.950000
1764326446215,3051.9,3052.0,3051.950000
1764326446466,3051.9,3052.0,3051.950000
1764326446716,3051.9,3052.0,3051.950000
1764326446973,3051.9,3052.0,3051.950000
1764326447231,3051.9,3052.0,3051.950000
1764326447488,3051.9,3052.0,3051.950000
1764326447741,3051.9,3052.0,3051.950000
1764326447994,3051.9,3052.0,3051.950000
1764326448248,3051.9,3052.0,3051.950000
1764326448501,3051.9,3052.0,3051.950000
1764326448752,3051.9,3052.0,3051.950000
1764326449002,3051.9,3052.0,3051.950000
1764326449253,3051.9,3052.0,3051.950000
1764326449512,3051.9,3052.0,3051.950000
1764326449762,3051.9,3052.0,3051.950000
1764326450012,3051.9,3052.0,3051.950000
1764326450263,3051.9,3052.0,3051.950000
1764326450515,3051.9,3052.0,3051.950000
1764326450768,3051.9,3052.0,3051.950000
1764326451018,3051.9,3052.0,3051.950000
1764326451268,3051.9,3052.0,3051.950000
1764326451519,3051.9,3052.0,3051.950000
1764326451773,3051.9,3052.0,3051.950000
1764326452024,3051.9,3052.0,3051.950000
1764326452283,3051.9,3052.0,3051.950000
1764326452540,3051.9,3052.0,3051.950000
1764326452791,3051.9,3052.0,3051.950000
1764326453042,3051.9,3052.0,3051.950000
1764326453292,3051.9,3052.0,3051.950000
1764326453543,3051.9,3052.0,3051.950000
1764326453798,3051.9,3052.0,3051.950000
1764326454048,3051.9,3052.0,3051.950000
1764326454305,3051.9,3052.0,3051.950000
1764326454557,3051.9,3052.0,3051.950000
1764326454815,3051.9,3052.0,3051.950000
1764326455072,3051.9,3052.0,3051.950000
1764326455322,3051.9,3052.0,3051.950000
1764326455572,3051.9,3052.0,3051.950000
1764326455823,3051.9,3052.0,3051.950000
1764326456078,3051.9,3052.0,3051.950000
1764326456329,3051.9,3052.0,3051.950000
1764326456582,3051.9,3052.0,3051.950000
1764326456832,3051.9,3052.0,3051.950000
1764326457084,3051.9,3052.0,3051.950000
1764326457334,3051.9,3052.0,3051.950000
1764326457588,3051.9,3052.0,3051.950000
1764326457842,3051.9,3052.0,3051.950000
1764326458103,3051.9,3052.0,3051.950000
1764326458354,3051.9,3052.0,3051.950000
1764326458604,3051.9,3052.0,3051.950000
1764326458857,3051.9,3052.0,3051.950000
1764326459108,3051.9,3052.0,3051.950000
1764326459360,3051.9,3052.0,3051.950000
1764326459614,3051.9,3052.0,3051.950000
1764326459867,3051.9,3052.0,3051.950000
1764326460118,3051.9,3052.0,3051.950000
1764326460369,3051.9,3052.0,3051.950000
1764326460620,3051.9,3052.0,3051.950000
1764326460870,3051.9,3052.0,3051.950000
1764326461120,3051.9,3052.0,3051.950000
1764326461374,3051.9,3052.0,3051.950000
1764326461626,3051.9,3052.0,3051.950000
1764326461876,3051.9,3052.0,3051.950000
1764326462126,3051.9,3052.0,3051.950000
1764326462377,3051.9,3052.0,3051.950000
1764326462627,3051.9,3052.0,3051.950000
1764326462878,3051.8,3051.9,3051.850000
1764326463128,3051.6,3051.7,3051.650000
1764326463378,3051.6,3051.7,3051.650000
1764326463628,3051.6,3051.7,3051.650000
1764326463879,3051.6,3051.7,3051.650000
1764326464141,3051.6,3051.7,3051.650000
1764326464402,3051.6,3051.7,3051.650000
1764326464656,3051.6,3051.7,3051.650000
1764326464906,3051.6,3051.7,3051.650000
1764326465159,3051.6,3051.7,3051.650000
1764326465410,3051.6,3051.7,3051.650000
1764326465664,3051.6,3051.7,3051.650000
1764326465915,3051.6,3051.7,3051.650000
1764326466170,3051.6,3051.7,3051.650000
1764326466423,3051.6,3051.7,3051.650000
1764326466676,3051.6,3051.7,3051.650000
1764326466926,3051.6,3051.7,3051.650000
1764326467176,3051.6,3051.7,3051.650000
1764326467426,3051.6,3051.7,3051.650000
1764326467678,3051.6,3051.7,3051.650000
1764326467928,3051.6,3051.7,3051.650000
1764326468182,3051.6,3051.7,3051.650000
1764326468432,3051.7,3051.8,3051.750000
1764326468682,3052.1,3052.2,3052.150000
1764326468932,3052.2,3052.3,3052.250000
1764326469182,3052.2,3052.3,3052.250000
1764326469437,3052.2,3052.3,3052.250000
1764326469688,3052.2,3052.3,3052.250000
1764326469938,3052.2,3052.3,3052.250000
1764326470189,3052.2,3052.3,3052.250000
1764326470439,3052.2,3052.3,3052.250000
1764326470690,3052.2,3052.3,3052.250000
1764326470940,3052.2,3052.3,3052.250000
1764326471190,3052.2,3052.3,3052.250000
1764326471441,3052.2,3052.3,3052.250000
1764326471691,3052.2,3052.3,3052.250000
1764326471941,3052.2,3052.3,3052.250000
1764326472192,3052.2,3052.3,3052.250000
1764326472442,3052.2,3052.3,3052.250000
1764326472694,3052.2,3052.3,3052.250000
1764326472944,3052.2,3052.3,3052.250000
1764326473195,3052.2,3052.3,3052.250000
1764326473445,3052.2,3052.3,3052.250000
1764326473699,3052.2,3052.3,3052.250000
1764326473949,3052.4,3052.5,3052.450000
1764326474201,3052.4,3052.5,3052.450000
1764326474452,3052.4,3052.5,3052.450000
1764326474703,3052.4,3052.5,3052.450000
1764326474958,3052.4,3052.5,3052.450000
1764326475210,3052.4,3052.5,3052.450000
1764326475463,3052.4,3052.5,3052.450000
1764326475713,3052.4,3052.5,3052.450000
1764326475963,3052.4,3052.5,3052.450000
1764326476215,3052.4,3052.5,3052.450000
1764326476469,3052.4,3052.5,3052.450000
1764326476723,3052.4,3052.5,3052.450000
1764326476981,3052.4,3052.5,3052.450000
1764326477231,3052.4,3052.5,3052.450000
1764326477483,3052.4,3052.5,3052.450000
1764326477733,3052.4,3052.5,3052.450000
1764326477984,3052.4,3052.5,3052.450000
1764326478234,3052.4,3052.5,3052.450000
1764326478495,3052.4,3052.5,3052.450000
1764326478750,3052.4,3052.5,3052.450000
1764326479002,3052.4,3052.5,3052.450000
1764326479264,3052.4,3052.5,3052.450000
1764326479515,3052.4,3052.5,3052.450000
1764326479766,3052.4,3052.5,3052.450000
1764326480016,3052.4,3052.5,3052.450000
1764326480268,3052.4,3052.5,3052.450000
1764326480518,3052.4,3052.6,3052.500000
1764326480768,3052.4,3052.6,3052.500000
1764326481018,3052.4,3052.6,3052.500000
1764326481268,3052.4,3052.6,3052.500000
1764326481519,3052.5,3052.6,3052.550000
1764326481769,3052.7,3052.8,3052.750000
1764326482019,3052.7,3052.8,3052.750000
1764326482273,3052.7,3052.8,3052.750000
1764326482523,3052.7,3052.8,3052.750000
1764326482774,3052.7,3052.8,3052.750000
1764326483024,3052.7,3052.8,3052.750000
1764326483275,3052.7,3052.8,3052.750000
1764326483526,3052.7,3052.8,3052.750000
1764326483777,3052.7,3052.8,3052.750000
1764326484035,3052.7,3052.8,3052.750000
1764326484286,3052.7,3052.8,3052.750000
1764326484536,3052.7,3052.8,3052.750000
1764326484786,3052.7,3052.8,3052.750000
1764326485038,3052.7,3052.8,3052.750000
1764326485290,3052.7,3052.8,3052.750000
1764326485541,3052.7,3052.8,3052.750000
1764326485793,3052.7,3052.8,3052.750000
1764326486043,3052.7,3052.8,3052.750000
1764326486295,3052.7,3052.8,3052.750000
1764326486549,3052.7,3052.8,3052.750000
1764326486802,3052.7,3052.8,3052.750000
1764326487052,3052.7,3052.8,3052.750000
1764326487315,3052.7,3052.8,3052.750000
1764326487566,3052.7,3052.8,3052.750000
1764326487816,3052.7,3052.8,3052.750000
1764326488068,3052.7,3052.8,3052.750000
1764326488318,3052.7,3052.8,3052.750000
1764326488568,3052.7,3052.8,3052.750000
1764326488821,3052.7,3052.8,3052.750000
1764326489077,3052.7,3052.8,3052.750000
1764326489327,3052.7,3052.8,3052.750000
1764326489578,3052.7,3052.8,3052.750000
1764326489828,3052.7,3052.8,3052.750000
1764326490081,3052.7,3052.8,3052.750000
1764326490334,3052.7,3052.8,3052.750000
1764326490587,3052.7,3052.8,3052.750000
1764326490840,3052.7,3052.8,3052.750000
1764326491090,3052.7,3052.8,3052.750000
1764326491340,3052.7,3052.8,3052.750000
1764326491591,3052.7,3052.8,3052.750000
1764326491842,3052.7,3052.8,3052.750000
1764326492093,3052.7,3052.8,3052.750000
1764326492343,3052.7,3052.8,3052.750000
1764326492593,3052.6,3052.7,3052.650000
1764326492844,3052.6,3052.7,3052.650000
1764326493094,3052.6,3052.7,3052.650000
1764326493344,3052.6,3052.7,3052.650000
1764326493595,3052.6,3052.7,3052.650000
1764326493853,3052.6,3052.7,3052.650000
1764326494104,3052.6,3052.7,3052.650000
1764326494357,3052.6,3052.7,3052.650000
1764326494610,3052.6,3052.7,3052.650000
1764326494860,3052.4,3052.5,3052.450000
1764326495110,3052.4,3052.5,3052.450000
1764326495360,3052.1,3052.2,3052.150000
1764326495610,3051.5,3051.6,3051.550000
1764326495860,3051.5,3051.6,3051.550000
1764326496112,3051.5,3051.6,3051.550000
1764326496362,3051.5,3051.6,3051.550000
1764326496612,3051.5,3051.6,3051.550000
1764326496864,3051.5,3051.6,3051.550000
1764326497115,3051.5,3051.6,3051.550000
1764326497366,3051.5,3051.6,3051.550000
1764326497618,3051.5,3051.6,3051.550000
1764326497868,3051.5,3051.6,3051.550000
1764326498121,3051.5,3051.6,3051.550000
1764326498371,3051.5,3051.6,3051.550000
1764326498621,3051.5,3051.6,3051.550000
1764326498872,3051.5,3051.6,3051.550000
1764326499124,3051.5,3051.6,3051.550000
1764326499375,3051.5,3051.6,3051.550000
1764326499626,3051.5,3051.6,3051.550000
1764326499879,3051.5,3051.6,3051.550000
1764326500132,3051.5,3051.6,3051.550000
1764326500385,3051.5,3051.6,3051.550000
1764326500635,3051.5,3051.6,3051.550000
1764326500894,3051.5,3051.6,3051.550000
1764326501147,3051.5,3051.6,3051.550000
1764326501410,3051.5,3051.6,3051.550000
1764326501661,3051.5,3051.6,3051.550000
1764326501912,3051.5,3051.6,3051.550000
1764326502165,3051.5,3051.6,3051.550000
1764326502416,3051.5,3051.6,3051.550000
1764326502667,3051.5,3051.6,3051.550000
1764326502917,3051.5,3051.6,3051.550000
1764326503178,3051.5,3051.6,3051.550000
1764326503428,3051.5,3051.6,3051.550000
1764326503685,3051.5,3051.6,3051.550000
1764326503935,3051.5,3051.6,3051.550000
1764326504185,3051.5,3051.6,3051.550000
1764326504438,3051.5,3051.6,3051.550000
1764326504689,3051.5,3051.6,3051.550000
1764326504942,3051.5,3051.6,3051.550000
1764326505201,3051.5,3051.6,3051.550000
1764326505455,3051.5,3051.6,3051.550000
1764326505707,3051.5,3051.6,3051.550000
1764326505959,3051.5,3051.6,3051.550000
1764326506212,3051.5,3051.6,3051.550000
1764326506464,3051.6,3051.7,3051.650000
1764326506714,3051.9,3052.0,3051.950000
1764326506964,3051.9,3052.0,3051.950000
1764326507214,3051.9,3052.0,3051.950000
1764326507464,3051.9,3052.0,3051.950000
1764326507714,3051.9,3052.0,3051.950000
1764326507964,3051.9,3052.0,3051.950000
1764326508214,3051.9,3052.0,3051.950000
1764326508470,3051.9,3052.0,3051.950000
1764326508721,3051.9,3052.0,3051.950000
1764326508972,3051.9,3052.0,3051.950000
1764326509222,3051.9,3052.0,3051.950000
1764326509477,3051.9,3052.0,3051.950000
1764326509731,3051.9,3052.0,3051.950000
1764326509985,3051.9,3052.0,3051.950000
1764326510237,3051.9,3052.0,3051.950000
1764326510487,3051.9,3052.0,3051.950000
1764326510737,3051.9,3052.0,3051.950000
1764326510987,3051.9,3052.0,3051.950000
1764326511246,3051.9,3052.0,3051.950000
1764326511496,3051.9,3052.0,3051.950000
1764326511746,3051.9,3052.0,3051.950000
1764326511999,3051.9,3052.0,3051.950000
1764326512250,3051.8,3051.9,3051.850000
1764326512501,3051.8,3051.9,3051.850000
1764326512752,3051.8,3051.9,3051.850000
1764326513002,3051.8,3051.9,3051.850000
1764326513255,3051.8,3051.9,3051.850000
1764326513509,3051.8,3051.9,3051.850000
1764326513764,3051.8,3051.9,3051.850000
1764326514020,3051.8,3051.9,3051.850000
1764326514270,3051.8,3051.9,3051.850000
1764326514522,3051.8,3051.9,3051.850000
1764326514776,3051.8,3051.9,3051.850000
1764326515030,3051.8,3051.9,3051.850000
1764326515280,3051.8,3051.9,3051.850000
1764326515530,3051.8,3051.9,3051.850000
1764326515783,3051.8,3051.9,3051.850000
1764326516033,3051.8,3051.9,3051.850000
1764326516284,3051.8,3051.9,3051.850000
1764326516535,3051.8,3051.9,3051.850000
1764326516785,3051.8,3051.9,3051.850000
1764326517044,3051.8,3051.9,3051.850000
1764326517297,3051.8,3051.9,3051.850000
1764326517547,3051.8,3051.9,3051.850000
1764326517805,3051.8,3051.9,3051.850000
1764326518063,3051.8,3051.9,3051.850000
1764326518319,3051.8,3051.9,3051.850000
1764326518574,3051.8,3051.9,3051.850000
1764326518830,3051.8,3051.9,3051.850000
1764326519083,3051.8,3051.9,3051.850000
1764326519335,3051.8,3051.9,3051.850000
1764326519585,3051.8,3051.9,3051.850000
1764326519843,3051.8,3051.9,3051.850000
1764326520100,3051.8,3051.9,3051.850000
1764326520354,3051.8,3051.9,3051.850000
1764326520608,3051.8,3051.9,3051.850000
1764326520868,3051.8,3051.9,3051.850000
1764326521119,3051.8,3051.9,3051.850000
1764326521372,3051.8,3051.9,3051.850000
1764326521625,3051.8,3051.9,3051.850000
1764326521877,3051.8,3051.9,3051.850000
1764326522129,3051.8,3051.9,3051.850000
1764326522379,3051.8,3051.9,3051.850000
1764326522631,3051.8,3051.9,3051.850000
1764326522884,3051.8,3051.9,3051.850000
1764326523136,3051.8,3051.9,3051.850000
1764326523390,3051.8,3051.9,3051.850000
1764326523641,3051.8,3051.9,3051.850000
1764326523892,3051.8,3051.9,3051.850000
1764326524145,3051.8,3051.9,3051.850000
1764326524395,3051.8,3051.9,3051.850000
1764326524655,3051.8,3051.9,3051.850000
1764326524913,3051.8,3051.9,3051.850000
1764326525165,3051.8,3051.9,3051.850000
1764326525415,3051.8,3051.9,3051.850000
1764326525670,3051.8,3051.9,3051.850000
1764326525920,3051.8,3051.9,3051.850000
1764326526171,3051.8,3051.9,3051.850000
1764326526424,3051.8,3051.9,3051.850000
1764326526679,3051.8,3051.9,3051.850000
1764326526933,3051.8,3051.9,3051.850000
1764326527191,3051.8,3051.9,3051.850000
1764326527447,3051.8,3051.9,3051.850000
1764326527706,3051.8,3051.9,3051.850000
1764326527962,3051.8,3051.9,3051.850000
1764326528215,3051.8,3051.9,3051.850000
1764326528469,3051.8,3051.9,3051.850000
1764326528724,3051.8,3051.9,3051.850000
1764326528977,3051.8,3051.9,3051.850000
1764326529228,3051.8,3051.9,3051.850000
1764326529478,3051.8,3051.9,3051.850000
1764326529734,3051.8,3051.9,3051.850000
1764326529987,3051.8,3051.9,3051.850000
1764326530247,3051.5,3051.6,3051.550000
1764326530498,3051.5,3051.6,3051.550000
1764326530751,3051.5,3051.6,3051.550000
1764326531001,3051.5,3051.6,3051.550000
1764326531251,3051.5,3051.6,3051.550000
1764326531501,3051.5,3051.6,3051.550000
1764326531754,3051.5,3051.6,3051.550000
1764326532007,3051.5,3051.6,3051.550000
1764326532257,3051.5,3051.6,3051.550000
1764326532512,3051.5,3051.6,3051.550000
1764326532764,3051.5,3051.6,3051.550000
1764326533014,3051.5,3051.6,3051.550000
1764326533271,3051.5,3051.6,3051.550000
1764326533521,3051.5,3051.6,3051.550000
1764326533775,3051.5,3051.6,3051.550000
1764326534025,3051.5,3051.6,3051.550000
1764326534275,3051.5,3051.6,3051.550000
1764326534525,3051.5,3051.6,3051.550000
1764326534776,3051.5,3051.6,3051.550000
1764326535027,3051.5,3051.6,3051.550000
1764326535279,3051.5,3051.6,3051.550000
1764326535530,3051.5,3051.6,3051.550000
1764326535786,3051.5,3051.6,3051.550000
1764326536037,3051.5,3051.6,3051.550000
1764326536287,3051.5,3051.6,3051.550000
1764326536544,3051.5,3051.6,3051.550000
1764326536796,3051.5,3051.6,3051.550000
1764326537047,3051.5,3051.6,3051.550000
1764326537302,3051.5,3051.6,3051.550000
1764326537561,3051.5,3051.6,3051.550000
1764326537811,3051.5,3051.6,3051.550000
1764326538064,3051.5,3051.6,3051.550000
1764326538314,3051.5,3051.6,3051.550000
1764326538570,3051.5,3051.6,3051.550000
1764326538820,3051.5,3051.6,3051.550000
1764326539070,3051.5,3051.6,3051.550000
1764326539321,3051.5,3051.6,3051.550000
1764326539580,3051.5,3051.6,3051.550000
1764326539835,3051.5,3051.6,3051.550000
1764326540085,3051.5,3051.6,3051.550000
1764326540335,3051.5,3051.6,3051.550000
1764326540585,3051.5,3051.6,3051.550000
1764326540835,3051.5,3051.6,3051.550000
1764326541085,3051.3,3051.4,3051.350000
1764326541336,3051.3,3051.4,3051.350000
1764326541591,3051.3,3051.4,3051.350000
1764326541847,3051.3,3051.4,3051.350000
1764326542098,3051.3,3051.4,3051.350000
1764326542350,3051.3,3051.4,3051.350000
1764326542603,3051.3,3051.4,3051.350000
1764326542853,3051.3,3051.4,3051.350000
1764326543106,3051.3,3051.4,3051.350000
1764326543360,3051.3,3051.4,3051.350000
1764326543614,3051.3,3051.4,3051.350000
1764326543864,3051.3,3051.4,3051.350000
1764326544115,3051.3,3051.4,3051.350000
1764326544369,3051.3,3051.4,3051.350000
1764326544619,3051.3,3051.4,3051.350000
1764326544878,3051.3,3051.4,3051.350000
1764326545130,3051.3,3051.4,3051.350000
1764326545386,3051.3,3051.4,3051.350000
1764326545643,3051.3,3051.4,3051.350000
1764326545897,3051.3,3051.4,3051.350000
1764326546147,3051.3,3051.4,3051.350000
1764326546405,3051.3,3051.4,3051.350000
1764326546655,3051.3,3051.4,3051.350000
1764326546909,3051.3,3051.4,3051.350000
1764326547160,3051.3,3051.4,3051.350000
1764326547415,3051.3,3051.4,3051.350000
1764326547668,3051.3,3051.4,3051.350000
1764326547918,3051.3,3051.4,3051.350000
1764326548168,3051.3,3051.4,3051.350000
1764326548418,3051.3,3051.4,3051.350000
1764326548671,3051.3,3051.4,3051.350000
1764326548922,3051.3,3051.4,3051.350000
1764326549173,3051.3,3051.4,3051.350000
1764326549423,3051.3,3051.4,3051.350000
1764326549682,3051.3,3051.4,3051.350000
1764326549932,3051.3,3051.4,3051.350000
1764326550183,3051.3,3051.4,3051.350000
1764326550435,3051.3,3051.4,3051.350000
1764326550685,3051.3,3051.4,3051.350000
1764326550935,3051.3,3051.4,3051.350000
1764326551186,3051.3,3051.4,3051.350000
1764326551437,3051.3,3051.4,3051.350000
1764326551694,3051.3,3051.4,3051.350000
1764326551947,3051.2,3051.3,3051.250000
1764326552197,3051.2,3051.3,3051.250000
1764326552449,3051.0,3051.1,3051.050000
1764326552699,3051.0,3051.1,3051.050000
1764326552950,3051.0,3051.1,3051.050000
1764326553201,3051.0,3051.1,3051.050000
1764326553451,3051.0,3051.1,3051.050000
1764326553701,3051.0,3051.1,3051.050000
1764326553951,3051.0,3051.1,3051.050000
1764326554201,3051.0,3051.1,3051.050000
1764326554454,3051.0,3051.1,3051.050000
1764326554704,3051.0,3051.1,3051.050000
1764326554980,3051.0,3051.4,3051.200000
1764326555230,3051.2,3051.3,3051.250000
1764326555481,3051.2,3051.3,3051.250000
1764326555732,3051.5,3051.6,3051.550000
1764326555982,3051.5,3051.6,3051.550000
1764326556233,3051.6,3051.7,3051.650000
1764326556483,3051.6,3051.7,3051.650000
1764326556735,3051.6,3051.7,3051.650000
1764326556987,3051.6,3051.7,3051.650000
1764326557239,3051.6,3051.7,3051.650000
1764326557492,3051.6,3051.7,3051.650000
1764326557742,3051.7,3051.8,3051.750000
1764326557992,3051.9,3052.0,3051.950000
1764326558242,3052.1,3052.2,3052.150000
1764326558492,3052.1,3052.2,3052.150000
1764326558742,3052.1,3052.2,3052.150000
1764326558994,3052.1,3052.2,3052.150000
1764326559244,3052.1,3052.2,3052.150000
1764326559494,3052.1,3052.2,3052.150000
1764326559744,3052.1,3052.2,3052.150000
1764326559994,3052.1,3052.2,3052.150000
1764326560244,3052.1,3052.2,3052.150000
1764326560494,3052.1,3052.2,3052.150000
1764326560748,3052.1,3052.2,3052.150000
1764326561005,3052.1,3052.2,3052.150000
1764326561259,3052.1,3052.2,3052.150000
1764326561509,3052.1,3052.2,3052.150000
1764326561759,3052.1,3052.2,3052.150000
1764326562012,3052.1,3052.2,3052.150000
1764326562264,3052.1,3052.2,3052.150000
1764326562514,3052.1,3052.2,3052.150000
1764326562774,3052.1,3052.2,3052.150000
1764326563024,3052.1,3052.2,3052.150000
1764326563282,3052.1,3052.2,3052.150000
1764326563537,3052.1,3052.2,3052.150000
1764326563787,3052.1,3052.2,3052.150000
1764326564044,3052.1,3052.2,3052.150000
1764326564305,3052.1,3052.2,3052.150000
1764326564555,3052.1,3052.2,3052.150000
1764326564810,3052.1,3052.2,3052.150000
1764326565060,3052.1,3052.2,3052.150000
1764326565312,3052.1,3052.2,3052.150000
1764326565565,3052.1,3052.2,3052.150000
1764326565815,3052.1,3052.2,3052.150000
1764326566065,3052.1,3052.2,3052.150000
1764326566315,3052.1,3052.2,3052.150000
1764326566577,3052.1,3052.2,3052.150000
1764326566830,3052.1,3052.2,3052.150000
1764326567088,3052.1,3052.2,3052.150000
1764326567354,3052.1,3052.2,3052.150000
1764326567604,3052.1,3052.2,3052.150000
1764326567855,3052.1,3052.2,3052.150000
1764326568105,3052.1,3052.2,3052.150000
1764326568360,3052.1,3052.2,3052.150000
1764326568613,3052.1,3052.2,3052.150000
1764326568867,3052.1,3052.2,3052.150000
1764326569120,3052.1,3052.2,3052.150000
1764326569370,3052.1,3052.2,3052.150000
1764326569621,3052.1,3052.2,3052.150000
1764326569876,3052.1,3052.2,3052.150000
1764326570127,3052.1,3052.2,3052.150000
1764326570379,3052.1,3052.2,3052.150000
1764326570631,3052.1,3052.2,3052.150000
1764326570883,3052.1,3052.2,3052.150000
1764326571139,3052.1,3052.2,3052.150000
1764326571389,3052.1,3052.2,3052.150000
1764326571639,3052.1,3052.2,3052.150000
1764326571893,3052.1,3052.2,3052.150000
1764326572144,3052.1,3052.2,3052.150000
1764326572411,3052.1,3052.2,3052.150000
1764326572664,3052.1,3052.2,3052.150000
1764326572914,3052.1,3052.2,3052.150000
1764326573169,3052.1,3052.2,3052.150000
1764326573421,3052.1,3052.2,3052.150000
1764326573679,3052.1,3052.2,3052.150000
1764326573929,3052.1,3052.2,3052.150000
1764326574181,3052.1,3052.2,3052.150000
1764326574440,3052.1,3052.2,3052.150000
1764326574692,3052.1,3052.2,3052.150000
1764326574942,3052.1,3052.2,3052.150000
1764326575202,3052.1,3052.2,3052.150000
1764326575458,3052.1,3052.2,3052.150000
1764326575708,3052.1,3052.2,3052.150000
1764326575961,3052.1,3052.2,3052.150000
1764326576214,3052.1,3052.2,3052.150000
1764326576466,3052.1,3052.2,3052.150000
1764326576720,3052.1,3052.2,3052.150000
1764326576970,3052.1,3052.2,3052.150000
1764326577221,3052.1,3052.2,3052.150000
1764326577471,3052.1,3052.2,3052.150000
1764326577721,3052.1,3052.2,3052.150000
1764326577971,3052.1,3052.2,3052.150000
1764326578221,3052.3,3052.4,3052.350000
1764326578474,3052.3,3052.4,3052.350000
1764326578724,3052.6,3052.7,3052.650000
1764326578974,3052.9,3053.0,3052.950000
1764326579224,3052.9,3053.0,3052.950000
1764326579476,3052.9,3053.0,3052.950000
1764326579726,3052.9,3053.0,3052.950000
1764326579976,3052.9,3053.0,3052.950000
1764326580226,3052.9,3053.0,3052.950000
1764326580478,3052.9,3053.0,3052.950000
1764326580730,3052.9,3053.0,3052.950000
1764326580980,3052.9,3053.0,3052.950000
1764326581230,3052.9,3053.0,3052.950000
1764326581485,3052.9,3053.0,3052.950000
1764326581738,3052.9,3053.0,3052.950000
1764326581989,3052.9,3053.0,3052.950000
1764326582244,3052.9,3053.0,3052.950000
1764326582494,3052.9,3053.0,3052.950000
1764326582747,3052.6,3052.7,3052.650000
1764326582998,3052.6,3052.7,3052.650000
1764326583248,3052.5,3052.6,3052.550000
1764326583500,3052.5,3052.6,3052.550000
1764326583750,3052.5,3052.6,3052.550000
1764326584000,3052.5,3052.6,3052.550000
1764326584250,3052.5,3052.6,3052.550000
1764326584504,3052.5,3052.6,3052.550000
1764326584760,3052.5,3052.6,3052.550000
1764326585012,3052.5,3052.6,3052.550000
1764326585262,3052.5,3052.6,3052.550000
1764326585512,3052.5,3052.6,3052.550000
1764326585764,3052.5,3052.6,3052.550000
1764326586018,3052.5,3052.6,3052.550000
1764326586273,3052.5,3052.6,3052.550000
1764326586525,3052.5,3052.6,3052.550000
1764326586777,3052.5,3052.6,3052.550000
1764326587027,3052.5,3052.6,3052.550000
1764326587282,3052.5,3052.6,3052.550000
1764326587534,3052.5,3052.6,3052.550000
1764326587785,3052.5,3052.6,3052.550000
1764326588038,3052.5,3052.6,3052.550000
1764326588298,3052.5,3052.6,3052.550000
1764326588554,3052.5,3052.6,3052.550000
1764326588810,3052.5,3052.6,3052.550000
1764326589066,3052.5,3052.6,3052.550000
1764326589316,3052.5,3052.6,3052.550000
1764326589566,3052.5,3052.6,3052.550000
1764326589816,3052.5,3052.6,3052.550000
1764326590067,3052.5,3052.6,3052.550000
1764326590318,3052.5,3052.6,3052.550000
1764326590570,3052.5,3052.6,3052.550000
1764326590823,3052.5,3052.6,3052.550000
1764326591073,3052.5,3052.6,3052.550000
1764326591324,3052.5,3052.6,3052.550000
1764326591576,3052.5,3052.6,3052.550000
1764326591829,3052.5,3052.6,3052.550000
1764326592079,3052.5,3052.6,3052.550000
1764326592329,3052.2,3052.3,3052.250000
1764326592579,3052.2,3052.3,3052.250000
1764326592830,3052.2,3052.3,3052.250000
1764326593084,3052.2,3052.3,3052.250000
1764326593334,3052.2,3052.3,3052.250000
1764326593585,3052.2,3052.3,3052.250000
1764326593851,3052.2,3052.3,3052.250000
1764326594109,3052.2,3052.3,3052.250000
1764326594365,3052.2,3052.3,3052.250000
1764326594615,3052.2,3052.3,3052.250000
1764326594870,3052.2,3052.3,3052.250000
1764326595122,3052.2,3052.3,3052.250000
1764326595372,3052.2,3052.3,3052.250000
1764326595623,3052.2,3052.3,3052.250000
1764326595881,3052.2,3052.3,3052.250000
1764326596140,3052.2,3052.3,3052.250000
1764326596391,3052.2,3052.3,3052.250000
1764326596642,3052.2,3052.3,3052.250000
1764326596892,3052.2,3052.3,3052.250000
1764326597142,3052.2,3052.3,3052.250000
1764326597393,3052.2,3052.3,3052.250000
1764326597655,3052.2,3052.3,3052.250000
1764326597914,3052.2,3052.3,3052.250000
1764326598165,3052.2,3052.3,3052.250000
1764326598415,3052.2,3052.3,3052.250000
1764326598665,3052.2,3052.3,3052.250000
1764326598915,3052.2,3052.3,3052.250000
1764326599170,3052.2,3052.3,3052.250000
1764326599421,3052.2,3052.3,3052.250000
1764326599675,3052.2,3052.3,3052.250000
1764326599928,3052.2,3052.3,3052.250000
1764326600182,3052.2,3052.3,3052.250000
1764326600434,3052.2,3052.3,3052.250000
1764326600686,3052.2,3052.3,3052.250000
1764326600939,3052.2,3052.3,3052.250000
1764326601189,3052.2,3052.3,3052.250000
1764326601447,3052.2,3052.3,3052.250000
1764326601698,3052.2,3052.3,3052.250000
1764326601954,3052.2,3052.3,3052.250000
1764326602206,3052.2,3052.3,3052.250000
1764326602456,3052.2,3052.3,3052.250000
1764326602715,3052.2,3052.3,3052.250000
1764326602966,3052.2,3052.3,3052.250000
1764326603216,3052.2,3052.3,3052.250000
1764326603473,3052.2,3052.3,3052.250000
1764326603723,3052.2,3052.3,3052.250000
1764326603975,3052.2,3052.3,3052.250000
1764326604226,3052.2,3052.3,3052.250000
1764326604478,3052.2,3052.3,3052.250000
1764326604731,3052.2,3052.3,3052.250000
1764326604982,3052.2,3052.3,3052.250000
1764326605233,3052.2,3052.3,3052.250000
1764326605492,3052.2,3052.3,3052.250000
1764326605746,3052.2,3052.3,3052.250000
1764326605998,3052.2,3052.3,3052.250000
1764326606250,3052.2,3052.3,3052.250000
1764326606507,3052.2,3052.3,3052.250000
1764326606757,3052.2,3052.3,3052.250000
1764326607012,3052.2,3052.3,3052.250000
1764326607262,3052.2,3052.3,3052.250000
1764326607515,3052.2,3052.3,3052.250000
1764326607767,3052.2,3052.3,3052.250000
1764326608021,3052.2,3052.3,3052.250000
1764326608276,3052.2,3052.3,3052.250000
1764326608526,3052.2,3052.3,3052.250000
1764326608777,3052.2,3052.3,3052.250000
1764326609027,3052.2,3052.3,3052.250000
1764326609277,3052.2,3052.3,3052.250000
1764326609528,3052.2,3052.3,3052.250000
1764326609787,3052.2,3052.3,3052.250000
1764326610045,3052.2,3052.3,3052.250000
1764326610297,3052.2,3052.3,3052.250000
1764326610548,3052.2,3052.3,3052.250000
1764326610798,3052.2,3052.3,3052.250000
1764326611055,3052.2,3052.3,3052.250000
1764326611306,3052.2,3052.3,3052.250000
1764326611568,3052.2,3052.3,3052.250000
1764326611820,3052.2,3052.3,3052.250000
1764326612075,3052.2,3052.3,3052.250000
1764326612325,3052.2,3052.3,3052.250000
1764326612577,3052.2,3052.3,3052.250000
1764326612827,3052.2,3052.3,3052.250000
1764326613078,3052.2,3052.3,3052.250000
1764326613328,3052.2,3052.3,3052.250000
1764326613579,3052.2,3052.3,3052.250000
1764326613836,3052.2,3052.3,3052.250000
1764326614086,3052.2,3052.3,3052.250000
1764326614338,3052.2,3052.3,3052.250000
1764326614591,3052.2,3052.3,3052.250000
1764326614844,3052.2,3052.3,3052.250000
1764326615097,3052.2,3052.3,3052.250000
1764326615352,3052.2,3052.3,3052.250000
1764326615604,3052.2,3052.3,3052.250000
1764326615856,3052.2,3052.3,3052.250000
1764326616110,3052.2,3052.3,3052.250000
1764326616366,3052.2,3052.3,3052.250000
1764326616617,3052.2,3052.3,3052.250000
1764326616869,3052.2,3052.3,3052.250000
1764326617119,3052.2,3052.3,3052.250000
1764326617370,3052.2,3052.3,3052.250000
1764326617621,3052.2,3052.3,3052.250000
1764326617871,3052.2,3052.3,3052.250000
1764326618122,3052.2,3052.3,3052.250000
1764326618374,3052.2,3052.3,3052.250000
1764326618624,3052.2,3052.3,3052.250000
1764326618876,3052.2,3052.3,3052.250000
1764326619126,3052.2,3052.3,3052.250000
1764326619382,3052.2,3052.3,3052.250000
1764326619640,3052.2,3052.3,3052.250000
1764326619891,3052.2,3052.3,3052.250000
1764326620148,3052.2,3052.3,3052.250000
1764326620403,3052.2,3052.3,3052.250000
1764326620656,3052.2,3052.3,3052.250000
1764326620914,3052.2,3052.3,3052.250000
1764326621165,3052.2,3052.3,3052.250000
1764326621415,3052.2,3052.3,3052.250000
1764326621665,3052.2,3052.3,3052.250000
1764326621916,3052.2,3052.3,3052.250000
1764326622169,3052.2,3052.3,3052.250000
1764326622419,3052.2,3052.3,3052.250000
1764326622670,3052.2,3052.3,3052.250000
1764326622920,3052.2,3052.3,3052.250000
1764326623176,3052.2,3052.3,3052.250000
1764326623426,3052.2,3052.3,3052.250000
1764326623677,3052.2,3052.3,3052.250000
1764326623927,3052.2,3052.3,3052.250000
1764326624177,3052.2,3052.3,3052.250000
1764326624427,3052.2,3052.3,3052.250000
1764326624678,3052.2,3052.3,3052.250000
1764326624935,3052.2,3052.3,3052.250000
1764326625189,3052.2,3052.3,3052.250000
1764326625439,3052.2,3052.3,3052.250000
1764326625690,3052.2,3052.3,3052.250000
1764326625940,3052.0,3052.3,3052.150000
1764326626190,3051.8,3051.9,3051.850000
1764326626440,3051.4,3051.5,3051.450000
1764326626690,3051.3,3051.4,3051.350000
1764326626945,3051.2,3051.3,3051.250000
1764326627198,3051.2,3051.3,3051.250000
1764326627450,3051.2,3051.3,3051.250000
1764326627707,3051.2,3051.3,3051.250000
1764326627960,3051.2,3051.3,3051.250000
1764326628211,3051.2,3051.3,3051.250000
1764326628464,3051.2,3051.3,3051.250000
1764326628716,3051.2,3051.3,3051.250000
1764326628966,3051.2,3051.3,3051.250000
1764326629218,3051.2,3051.3,3051.250000
1764326629468,3051.2,3051.3,3051.250000
1764326629718,3051.2,3051.3,3051.250000
1764326629969,3051.2,3051.3,3051.250000
1764326630220,3051.2,3051.3,3051.250000
1764326630477,3051.2,3051.3,3051.250000
1764326630727,3051.3,3051.4,3051.350000
1764326630977,3051.5,3051.6,3051.550000
1764326631229,3051.5,3051.6,3051.550000
1764326631499,3051.5,3051.6,3051.550000
1764326631749,3051.5,3051.6,3051.550000
1764326632004,3051.5,3051.6,3051.550000
1764326632254,3051.6,3051.7,3051.650000
1764326632504,3051.6,3051.7,3051.650000
1764326632754,3051.6,3051.7,3051.650000
1764326633005,3051.6,3051.7,3051.650000
1764326633257,3051.6,3051.7,3051.650000
1764326633507,3051.6,3051.7,3051.650000
1764326633758,3051.6,3051.7,3051.650000
1764326634013,3051.6,3051.7,3051.650000
1764326634268,3051.6,3051.7,3051.650000
1764326634519,3051.6,3051.7,3051.650000
1764326634769,3051.6,3051.7,3051.650000
1764326635020,3051.6,3051.7,3051.650000
1764326635272,3051.6,3051.7,3051.650000
1764326635523,3051.6,3051.7,3051.650000
1764326635773,3051.6,3051.7,3051.650000
1764326636023,3051.6,3051.7,3051.650000
1764326636274,3051.6,3051.7,3051.650000
1764326636525,3051.6,3051.7,3051.650000
1764326636777,3051.6,3051.7,3051.650000
1764326637032,3051.6,3051.7,3051.650000
1764326637282,3051.6,3051.7,3051.650000
1764326637533,3051.6,3051.7,3051.650000
1764326637783,3051.6,3051.7,3051.650000
1764326638033,3051.6,3051.7,3051.650000
1764326638283,3051.6,3051.7,3051.650000
1764326638533,3051.6,3051.7,3051.650000
1764326638787,3051.6,3051.7,3051.650000
1764326639038,3051.6,3051.7,3051.650000
1764326639289,3051.6,3051.7,3051.650000
1764326639541,3051.6,3051.7,3051.650000
1764326639791,3051.6,3051.7,3051.650000
1764326640042,3051.6,3051.7,3051.650000
1764326640295,3051.6,3051.7,3051.650000
1764326640545,3051.9,3052.0,3051.950000
1764326640796,3051.9,3052.0,3051.950000
1764326641049,3051.9,3052.0,3051.950000
1764326641321,3051.9,3052.0,3051.950000
1764326641573,3051.9,3052.0,3051.950000
1764326641824,3051.9,3052.0,3051.950000
1764326642076,3051.9,3052.0,3051.950000
1764326642327,3051.9,3052.0,3051.950000
1764326642577,3051.9,3052.0,3051.950000
1764326642827,3051.9,3052.0,3051.950000
1764326643083,3051.9,3052.0,3051.950000
1764326643333,3051.9,3052.0,3051.950000
1764326643583,3051.9,3052.0,3051.950000
1764326643833,3051.9,3052.0,3051.950000
1764326644086,3051.9,3052.0,3051.950000
1764326644338,3051.9,3052.0,3051.950000
1764326644588,3051.9,3052.0,3051.950000
1764326644842,3051.9,3052.0,3051.950000
1764326645095,3051.9,3052.0,3051.950000
1764326645347,3051.9,3052.0,3051.950000
1764326645605,3051.9,3052.0,3051.950000
1764326645855,3051.9,3052.0,3051.950000
1764326646107,3051.9,3052.0,3051.950000
1764326646357,3051.9,3052.0,3051.950000
1764326646617,3051.9,3052.0,3051.950000
1764326646872,3051.9,3052.0,3051.950000
1764326647122,3051.9,3052.0,3051.950000
1764326647374,3051.9,3052.0,3051.950000
1764326647624,3051.9,3052.0,3051.950000
1764326647874,3051.9,3052.0,3051.950000
1764326648124,3051.9,3052.0,3051.950000
1764326648377,3051.9,3052.0,3051.950000
1764326648628,3051.9,3052.0,3051.950000
1764326648889,3051.9,3052.0,3051.950000
1764326649142,3051.9,3052.0,3051.950000
1764326649403,3051.9,3052.0,3051.950000
1764326649653,3051.9,3052.0,3051.950000
1764326649909,3051.9,3052.0,3051.950000
1764326650160,3051.9,3052.0,3051.950000
1764326650416,3051.9,3052.0,3051.950000
1764326650670,3051.9,3052.0,3051.950000
1764326650924,3051.9,3052.0,3051.950000
1764326651176,3051.9,3052.0,3051.950000
1764326651426,3051.9,3052.0,3051.950000
1764326651685,3051.9,3052.0,3051.950000
1764326651945,3051.9,3052.0,3051.950000
1764326652209,3051.9,3052.0,3051.950000
1764326652460,3051.9,3052.0,3051.950000
1764326652710,3051.9,3052.0,3051.950000
1764326652960,3051.9,3052.0,3051.950000
1764326653219,3051.9,3052.0,3051.950000
1764326653488,3051.9,3052.0,3051.950000
1764326653738,3051.9,3052.0,3051.950000
1764326653989,3051.9,3052.0,3051.950000
1764326654239,3051.9,3052.0,3051.950000
1764326654495,3051.9,3052.0,3051.950000
1764326654745,3051.9,3052.0,3051.950000
1764326654996,3051.9,3052.0,3051.950000
1764326655246,3051.9,3052.0,3051.950000
1764326655499,3051.9,3052.0,3051.950000
1764326655749,3051.9,3052.0,3051.950000
1764326656001,3051.9,3052.0,3051.950000
1764326656261,3051.9,3052.0,3051.950000
1764326656512,3051.9,3052.0,3051.950000
1764326656762,3051.9,3052.0,3051.950000
1764326657012,3051.9,3052.0,3051.950000
1764326657268,3051.9,3052.0,3051.950000
1764326657518,3051.9,3052.0,3051.950000
1764326657768,3051.9,3052.0,3051.950000
1764326658018,3051.9,3052.0,3051.950000
1764326658269,3051.9,3052.0,3051.950000
1764326658519,3051.9,3052.0,3051.950000
1764326658770,3051.9,3052.0,3051.950000
1764326659020,3051.9,3052.0,3051.950000
1764326659275,3051.8,3051.9,3051.850000
1764326659525,3051.8,3051.9,3051.850000
1764326659775,3051.8,3051.9,3051.850000
1764326660026,3051.8,3051.9,3051.850000
1764326660276,3051.8,3051.9,3051.850000
1764326660528,3051.8,3051.9,3051.850000
1764326660778,3051.8,3051.9,3051.850000
1764326661029,3051.8,3051.9,3051.850000
1764326661284,3051.8,3051.9,3051.850000
1764326661537,3051.8,3051.9,3051.850000
1764326661788,3051.8,3051.9,3051.850000
1764326662041,3051.8,3051.9,3051.850000
1764326662294,3051.8,3051.9,3051.850000
1764326662545,3051.8,3051.9,3051.850000
1764326662802,3051.8,3051.9,3051.850000
1764326663054,3051.8,3051.9,3051.850000
1764326663308,3051.8,3051.9,3051.850000
1764326663568,3051.8,3051.9,3051.850000
1764326663818,3051.8,3051.9,3051.850000
1764326664069,3051.8,3051.9,3051.850000
1764326664319,3051.2,3051.3,3051.250000
1764326664572,3051.2,3051.3,3051.250000
1764326664822,3051.2,3051.3,3051.250000
1764326665074,3051.2,3051.3,3051.250000
1764326665324,3051.2,3051.3,3051.250000
1764326665574,3051.2,3051.3,3051.250000
1764326665824,3051.2,3051.3,3051.250000
1764326666076,3051.2,3051.3,3051.250000
1764326666331,3051.2,3051.3,3051.250000
1764326666581,3051.2,3051.3,3051.250000
1764326666832,3051.2,3051.3,3051.250000
1764326667083,3051.2,3051.3,3051.250000
1764326667333,3051.2,3051.3,3051.250000
1764326667585,3051.2,3051.3,3051.250000
1764326667836,3051.2,3051.3,3051.250000
1764326668092,3051.2,3051.3,3051.250000
1764326668346,3051.2,3051.3,3051.250000
1764326668605,3051.2,3051.3,3051.250000
1764326668855,3051.2,3051.3,3051.250000
1764326669105,3051.2,3051.3,3051.250000
1764326669357,3051.2,3051.3,3051.250000
1764326669612,3051.2,3051.3,3051.250000
1764326669886,3051.2,3051.3,3051.250000
1764326670136,3051.2,3051.3,3051.250000
1764326670391,3051.2,3051.3,3051.250000
1764326670646,3051.2,3051.3,3051.250000
1764326670897,3051.2,3051.3,3051.250000
1764326671153,3051.2,3051.3,3051.250000
1764326671404,3051.2,3051.3,3051.250000
1764326671657,3051.2,3051.3,3051.250000
1764326671909,3051.2,3051.3,3051.250000
1764326672161,3051.2,3051.3,3051.250000
1764326672414,3051.2,3051.3,3051.250000
1764326672678,3051.2,3051.3,3051.250000
1764326672928,3051.2,3051.3,3051.250000
1764326673178,3051.2,3051.3,3051.250000
1764326673428,3051.2,3051.3,3051.250000
1764326673679,3051.2,3051.3,3051.250000
1764326673933,3051.2,3051.3,3051.250000
1764326674185,3051.2,3051.3,3051.250000
1764326674439,3051.2,3051.3,3051.250000
1764326674690,3051.2,3051.3,3051.250000
1764326674943,3051.2,3051.3,3051.250000
1764326675196,3051.2,3051.3,3051.250000
1764326675450,3051.2,3051.3,3051.250000
1764326675706,3051.2,3051.3,3051.250000
1764326675993,3051.2,3051.3,3051.250000
1764326676263,3051.2,3051.3,3051.250000
