id,unix_timestamp_ms,side,price,quantity
50728736,1764336227524,buy,3033.200000,0.021000
50728737,1764336227524,buy,3033.200000,0.021000
50728738,1764336227524,buy,3033.200000,0.021000
50728739,1764336227524,buy,3033.200000,0.021000
50728740,1764336227524,buy,3033.200000,0.021000
50728741,1764336227524,buy,3033.200000,0.021000
50728742,1764336227524,buy,3033.200000,0.021000
50728743,1764336227524,buy,3033.200000,0.021000
50728744,1764336227524,buy,3033.200000,0.021000
50728745,1764336228416,buy,3033.500000,0.021000
50728746,1764336228416,buy,3033.500000,0.021000
50728747,1764336228416,buy,3033.500000,0.021000
50728748,1764336228416,buy,3033.500000,0.021000
50728749,1764336228416,buy,3033.500000,0.021000
50728750,1764336228416,buy,3033.500000,0.021000
50728751,1764336228416,buy,3033.500000,0.021000
50728752,1764336228416,buy,3033.500000,0.021000
50728753,1764336228416,buy,3033.500000,0.021000
50728754,1764336228416,buy,3033.500000,0.021000
50728755,1764336228416,buy,3033.500000,0.021000
50728756,1764336228416,buy,3033.500000,0.021000
50728757,1764336228416,buy,3033.500000,0.021000
50728758,1764336228416,buy,3033.500000,0.021000
50728759,1764336228416,buy,3033.500000,0.021000
50728760,1764336228416,buy,3033.500000,0.021000
50728761,1764336228416,buy,3033.500000,0.021000
50728762,1764336228416,buy,3033.500000,0.021000
50728763,1764336228416,buy,3033.500000,0.021000
50728764,1764336228416,buy,3033.500000,0.021000
50728765,1764336228416,buy,3033.500000,0.021000
50728766,1764336228416,buy,3033.500000,0.021000
50728767,1764336228416,buy,3033.500000,0.021000
50728768,1764336228416,buy,3033.500000,0.012000
50728769,1764336228416,buy,3033.500000,0.021000
50728770,1764336230193,sell,3033.500000,0.013000
50728771,1764336230714,sell,3033.220000,3.504000
50728772,1764336232360,sell,3033.250000,7.458000
50728773,1764336234265,sell,3033.200000,0.021000
50728774,1764336234265,sell,3033.200000,0.021000
50728775,1764336234265,sell,3033.200000,0.021000
50728776,1764336234265,sell,3033.200000,0.021000
50728777,1764336234265,sell,3033.200000,0.021000
50728778,1764336234265,sell,3033.200000,0.021000
50728779,1764336234265,sell,3033.200000,0.021000
50728780,1764336234265,sell,3033.200000,0.021000
50728781,1764336234265,sell,3033.200000,0.021000
50728782,1764336234265,sell,3033.200000,1.822000
50728783,1764336234266,sell,3033.200000,3.016000
50728784,1764336234295,sell,3033.200000,0.189000
50728785,1764336234296,sell,3033.200000,0.189000
50728786,1764336234297,sell,3033.200000,0.189000
50728787,1764336234560,buy,3033.300000,1.095000
50728788,1764336234823,sell,3033.200000,2.011000
50728789,1764336235037,sell,3033.200000,2.011000
50728790,1764336235850,buy,3032.950000,4.142000
50728791,1764336237848,buy,3032.850000,7.888000
50728792,1764336238970,buy,3032.900000,0.030000
50728793,1764336241709,sell,3032.850000,4.823000
50728794,1764336245114,sell,3032.850000,3.754000
50728795,1764336247245,buy,3032.900000,0.177000
50728796,1764336247942,buy,3032.850000,4.100000
50728797,1764336249194,sell,3032.800000,0.141000
50728798,1764336249194,sell,3032.800000,0.036000
50728799,1764336251048,sell,3032.850000,3.126000
50728800,1764336253362,buy,3032.450000,1.963000
50728801,1764336253471,buy,3032.500000,0.404000
50728802,1764336253674,buy,3032.600000,0.013000
50728803,1764336254851,buy,3032.750000,1.967000
50728804,1764336256381,sell,3032.950000,4.503000
50728805,1764336259929,buy,3032.850000,4.655000
50728806,1764336261118,buy,3032.800000,0.205000
50728807,1764336261592,sell,3032.700000,0.205000
50728808,1764336263936,sell,3032.750000,1.437000
50728809,1764336265244,sell,3033.150000,2.227000
50728810,1764336266921,buy,3033.350000,1.664000
50728811,1764336268142,buy,3033.350000,4.343000
50728812,1764336271369,sell,3033.350000,5.168000
50728813,1764336274886,buy,3033.350000,4.315000
50728814,1764336277842,sell,3033.350000,3.042000
50728815,1764336280158,buy,3033.350000,2.375000
50728816,1764336281967,sell,3033.360000,2.770000
50728817,1764336284066,buy,3033.360000,2.875000
50728818,1764336284151,buy,3033.400000,0.003000
50728819,1764336286150,sell,3033.300000,0.003000
50728820,1764336286308,sell,3033.390000,1.759000
50728821,1764336287672,sell,3033.390000,2.829000
50728822,1764336289210,sell,3033.300000,0.274000
50728823,1764336289210,sell,3033.300000,0.035000
50728824,1764336289210,sell,3033.300000,0.291000
50728825,1764336289210,sell,3033.300000,1.294000
50728826,1764336290269,buy,3033.380000,3.165000
50728827,1764336293254,sell,3033.370000,2.457000
50728828,1764336294436,buy,3033.400000,0.772000
50728829,1764336294436,buy,3033.400000,4.056000
50728830,1764336294436,buy,3033.400000,0.999000
50728831,1764336295603,buy,3033.380000,3.662000
50728832,1764336299109,sell,3033.390000,3.877000
50728833,1764336302882,buy,3033.390000,3.396000
50728834,1764336306193,sell,3033.750000,4.246000
50728835,1764336306900,sell,3033.600000,0.017000
27581356,1764336310765,buy,3033.400000,0.028000
27581357,1764336312575,buy,3033.400000,0.044000
27581358,1764336313080,sell,3033.350000,3.665000
27581359,1764336316626,buy,3033.400000,2.736000
27581360,1764336318019,sell,3033.300000,1.648000
27581361,1764336319108,buy,3033.400000,1.648000
27581362,1764336319546,buy,3033.400000,1.733000
27581363,1764336320705,sell,3033.300000,1.648000
27581364,1764336321344,sell,3033.400000,3.381000
27581365,1764336321866,buy,3033.400000,1.648000
27581366,1764336324073,sell,3033.300000,0.392000
50728839,1764336313080,sell,3033.350000,3.665000
50728840,1764336316626,buy,3033.400000,2.736000
50728841,1764336318019,sell,3033.300000,1.648000
50728842,1764336319108,buy,3033.400000,0.306000
50728843,1764336319108,buy,3033.400000,1.342000
50728844,1764336319546,buy,3033.400000,1.733000
50728845,1764336320705,sell,3033.300000,1.648000
50728846,1764336321344,sell,3033.400000,3.381000
50728847,1764336321866,buy,3033.400000,0.658000
50728848,1764336321866,buy,3033.400000,0.775000
50728849,1764336321866,buy,3033.400000,0.215000
50728850,1764336324073,sell,3033.300000,0.392000
50728851,1764336324932,buy,3033.400000,3.566000
50728852,1764336326179,buy,3033.400000,1.648000
50728853,1764336326464,buy,3033.400000,1.137000
50728854,1764336326842,buy,3033.500000,0.012000
50728855,1764336327650,sell,3033.900000,1.648000
50728856,1764336328810,sell,3033.950000,4.161000
50728857,1764336329718,sell,3033.900000,1.648000
50728858,1764336330257,buy,3034.000000,0.021000
50728859,1764336330257,buy,3034.000000,0.021000
50728860,1764336330257,buy,3034.000000,0.021000
50728861,1764336330257,buy,3034.000000,0.021000
50728862,1764336330257,buy,3034.000000,0.021000
50728863,1764336330257,buy,3034.000000,0.021000
50728864,1764336330257,buy,3034.000000,0.021000
50728865,1764336330257,buy,3034.000000,0.021000
50728866,1764336330257,buy,3034.000000,0.021000
50728867,1764336330257,buy,3034.000000,0.021000
50728868,1764336330257,buy,3034.000000,0.021000
50728869,1764336330257,buy,3034.000000,0.021000
50728870,1764336330257,buy,3034.000000,0.021000
50728871,1764336330257,buy,3034.000000,0.021000
50728872,1764336330257,buy,3034.000000,0.021000
50728873,1764336330257,buy,3034.000000,0.021000
50728874,1764336330257,buy,3034.000000,0.021000
50728875,1764336330257,buy,3034.000000,0.021000
50728876,1764336330257,buy,3034.000000,0.021000
50728877,1764336330257,buy,3034.000000,0.021000
50728878,1764336330257,buy,3034.000000,0.021000
50728879,1764336330257,buy,3034.000000,0.021000
50728880,1764336330257,buy,3034.000000,0.021000
50728881,1764336330257,buy,3034.000000,0.021000
50728882,1764336330257,buy,3034.000000,0.012000
50728883,1764336330257,buy,3034.000000,0.021000
50728884,1764336330257,buy,3034.000000,0.021000
50728885,1764336330257,buy,3034.000000,0.021000
50728886,1764336330257,buy,3034.000000,0.021000
50728887,1764336330257,buy,3034.000000,0.021000
50728888,1764336330257,buy,3034.000000,0.021000
50728889,1764336330257,buy,3034.000000,0.021000
50728890,1764336330257,buy,3034.000000,0.021000
50728891,1764336330257,buy,3034.000000,0.021000
50728892,1764336330257,buy,3034.000000,0.021000
50728893,1764336330257,buy,3034.000000,0.021000
50728894,1764336330257,buy,3034.000000,0.021000
50728895,1764336330257,buy,3034.000000,0.021000
50728896,1764336330257,buy,3034.000000,0.021000
50728897,1764336330257,buy,3034.000000,0.021000
50728898,1764336330257,buy,3034.000000,0.021000
50728899,1764336330257,buy,3034.000000,0.021000
50728900,1764336330257,buy,3034.000000,0.021000
50728901,1764336330257,buy,3034.000000,0.021000
50728902,1764336330257,buy,3034.000000,0.021000
50728903,1764336330257,buy,3034.000000,0.021000
50728904,1764336330257,buy,3034.000000,0.021000
50728905,1764336330257,buy,3034.000000,0.021000
50728906,1764336330257,buy,3034.000000,0.021000
50728907,1764336330257,buy,3034.000000,0.021000
50728908,1764336330257,buy,3034.000000,0.021000
50728909,1764336330257,buy,3034.000000,0.586000
50728910,1764336332292,buy,3033.950000,2.852000
50728911,1764336335063,sell,3033.990000,3.793000
50728912,1764336338907,buy,3033.990000,3.205000
50728913,1764336342342,buy,3033.850000,3.193000
50728914,1764336343203,sell,3033.800000,0.013000
50728915,1764336345667,sell,3033.450000,1.121000
50728916,1764336346511,buy,3033.500000,0.017000
50728917,1764336346798,sell,3033.450000,3.058000
50728918,1764336349846,buy,3033.450000,1.310000
50728919,1764336349882,sell,3033.400000,1.649000
50728920,1764336349882,sell,3033.400000,0.046000
50728921,1764336351160,sell,3033.450000,2.927000
50728922,1764336354076,buy,3033.450000,1.367000
50728923,1764336355488,buy,3033.450000,2.916000
50728924,1764336358451,sell,3033.450000,1.823000
50728925,1764336360124,buy,3033.500000,0.288000
50728926,1764336360124,buy,3033.500000,0.558000
50728927,1764336360144,buy,3033.600000,0.014000
50728928,1764336360144,buy,3033.600000,1.648000
50728929,1764336360193,buy,3033.750000,2.309000
50728930,1764336362276,sell,3033.730000,1.174000
50728931,1764336363348,sell,3033.750000,1.500000
50728932,1764336364854,buy,3033.850000,2.093000
50728933,1764336366949,sell,3033.850000,2.941000
50728934,1764336369883,buy,3033.850000,1.821000
50728935,1764336371284,buy,3033.900000,1.648000
50728936,1764336371284,buy,3033.900000,0.741000
50728937,1764336371284,buy,3033.900000,1.746000
50728938,1764336371666,sell,3033.850000,1.630000
27581400,1764336376237,sell,3033.850000,2.189000
27581401,1764336378278,buy,3034.250000,3.607000
27581402,1764336381483,sell,3034.250000,1.563000
27581403,1764336382882,sell,3034.250000,3.849000
27581404,1764336383718,buy,3034.400000,0.558000
27581405,1764336386357,buy,3034.600000,4.420000
27581406,1764336386395,buy,3034.550000,1.270000
27581407,1764336387889,buy,3034.550000,2.123000
27581408,1764336390524,sell,3034.550000,1.885000
27581409,1764336392348,sell,3034.300000,0.717000
27581410,1764336392840,buy,3034.250000,5.309000
27581411,1764336393588,sell,3034.200000,2.010000
27581412,1764336396836,sell,3034.150000,1.945000
27581413,1764336398247,sell,3034.190000,4.600000
27581414,1764336401467,buy,3034.190000,5.517000
27581415,1764336402340,buy,3034.200000,0.710000
27581416,1764336405378,sell,3034.350000,5.409000
27581417,1764336406383,buy,3034.400000,1.368000
27581418,1764336406705,sell,3034.600000,0.412000
27581419,1764336408711,buy,3034.650000,5.495000
27581420,1764336411454,buy,3034.700000,0.007000
27581421,1764336411801,sell,3034.640000,4.205000
27581422,1764336412964,buy,3034.700000,0.987000
27581423,1764336413293,buy,3034.800000,0.210000
27581424,1764336413986,buy,3034.850000,4.456000
27581425,1764336416229,sell,3034.800000,6.331000
27581426,1764336419386,buy,3034.800000,4.865000
27581427,1764336421652,sell,3034.800000,7.176000
27581428,1764336423486,sell,3034.800000,1.083000
27581429,1764336425080,buy,3034.550000,7.066000
27581430,1764336428369,sell,3034.550000,6.969000
27581431,1764336428610,buy,3034.600000,0.500000
27581432,1764336431723,buy,3034.550000,6.619000
27581433,1764336432405,sell,3034.500000,0.030000
27581434,1764336432646,sell,3034.500000,0.003000
27581435,1764336434787,sell,3034.550000,4.949000
27581436,1764336437115,buy,3034.550000,7.940000
27581437,1764336440889,sell,3034.550000,4.036000
27581438,1764336442858,sell,3034.550000,6.146000
27581439,1764336445997,buy,3034.550000,2.423000
27581440,1764336447230,buy,3034.550000,7.735000
27581441,1764336449153,buy,3034.600000,0.003000
27581442,1764336451175,sell,3034.550000,5.599000
27581443,1764336453989,buy,3034.550000,3.557000
27581444,1764336456657,sell,3034.550000,1.499000
27581445,1764336457822,sell,3034.550000,2.638000
27581446,1764336459819,buy,3034.550000,4.019000
27581447,1764336462875,sell,3034.550000,2.019000
27581448,1764336464525,sell,3034.550000,4.650000
27581449,1764336465596,sell,3034.500000,0.412000
27581450,1764336468494,buy,3034.350000,3.696000
27581451,1764336472075,buy,3034.370000,3.040000
27581452,1764336475404,sell,3034.370000,3.534000
27581453,1764336479395,buy,3034.350000,1.677000
27581454,1764336481937,sell,3034.350000,2.282000
27581455,1764336485271,buy,3034.350000,1.162000
27581456,1764336486899,buy,3034.350000,2.787000
27581457,1764336490715,sell,3034.250000,1.325000
27581458,1764336492262,buy,3034.300000,0.550000
27581459,1764336492517,sell,3034.250000,0.866000
27581460,1764336493773,sell,3034.250000,0.993000
27581461,1764336495216,buy,3034.270000,1.680000
27581462,1764336497182,sell,3034.280000,2.223000
27581463,1764336499780,buy,3034.300000,2.265000
27581464,1764336502427,sell,3034.310000,1.013000
27581465,1764336503626,sell,3034.310000,1.506000
27581466,1764336505432,buy,3034.310000,1.036000
27581467,1764336506668,buy,3034.310000,1.475000
27581468,1764336508462,sell,3034.310000,2.879000
27581469,1764336511956,buy,3034.250000,3.256000
27581470,1764336515606,sell,3034.250000,1.955000
27581471,1764336517877,buy,3034.250000,1.130000
27581472,1764336519180,sell,3034.250000,0.988000
27581473,1764336520292,buy,3034.300000,3.139000
27581474,1764336523828,sell,3034.300000,2.253000
27581475,1764336526568,sell,3034.300000,2.795000
27581476,1764336529977,buy,3034.300000,1.822000
27581477,1764336530305,buy,3034.300000,2.662000
27581478,1764336532253,buy,3034.300000,1.586000
27581479,1764336534228,sell,3034.300000,0.833000
27581480,1764336535319,sell,3034.250000,2.225000
27581481,1764336538264,buy,3034.300000,3.429000
27581482,1764336542131,sell,3034.250000,1.300000
27581483,1764336543656,sell,3034.250000,1.635000
27581484,1764336545473,buy,3034.250000,2.087000
27581485,1764336548125,sell,3034.250000,2.516000
27581486,1764336551211,buy,3034.250000,2.804000
27581487,1764336552085,buy,3034.300000,0.016000
27581488,1764336554879,sell,3034.250000,2.237000
27581489,1764336556868,sell,3034.200000,1.558000
27581490,1764336558471,buy,3034.250000,0.749000
27581491,1764336559611,buy,3034.250000,2.025000
27581492,1764336562610,sell,3034.290000,1.506000
27581493,1764336563328,buy,3034.300000,0.033000
27581494,1764336564879,sell,3034.290000,0.925000
27581495,1764336566009,buy,3034.300000,3.179000
27581496,1764336569920,sell,3034.250000,0.852000
27581497,1764336570981,sell,3034.250000,1.960000
27581498,1764336573266,sell,3034.200000,0.143000
27581499,1764336573703,buy,3034.250000,1.644000
27581500,1764336576060,sell,3034.250000,2.225000
27581501,1764336579112,buy,3034.250000,0.957000
27581502,1764336580375,buy,3034.250000,2.624000
27581503,1764336581402,buy,3034.300000,0.040000
27581504,1764336583851,sell,3034.250000,1.751000
27581505,1764336586161,sell,3034.250000,1.472000
27581506,1764336588235,buy,3034.250000,0.918000
27581507,1764336589548,sell,3034.250000,2.573000
27581508,1764336593233,buy,3034.250000,1.734000
27581509,1764336595596,buy,3034.250000,1.818000
27581510,1764336598070,sell,3034.250000,1.573000
27581511,1764336600458,buy,3034.300000,0.347000
27581512,1764336600469,buy,3034.400000,0.014000
27581513,1764336600553,buy,3034.600000,0.660000
27581514,1764336600586,buy,3034.550000,1.260000
27581515,1764336600613,buy,3034.600000,0.855000
27581516,1764336600619,buy,3034.900000,0.013000
27581517,1764336600619,buy,3035.000000,1.312000
27581518,1764336600628,buy,3035.100000,4.197000
27581519,1764336600656,buy,3035.200000,1.966000
27581520,1764336600786,buy,3035.400000,6.304000
27581521,1764336600871,buy,3035.500000,2.421000
27581522,1764336600871,buy,3035.600000,1.293000
27581523,1764336601541,sell,3035.300000,0.659000
27581524,1764336601903,sell,3035.350000,2.225000
27581525,1764336602105,buy,3035.000000,1.894000
27581526,1764336603672,buy,3034.850000,5.784000
27581527,1764336605229,sell,3034.700000,0.015000
27581528,1764336607185,sell,3034.400000,0.004000
27581529,1764336607473,sell,3034.450000,5.803000
27581530,1764336607579,sell,3034.400000,0.792000
27581531,1764336608209,sell,3034.200000,6.199000
27581532,1764336608360,sell,3034.200000,1.962000
27581533,1764336608434,sell,3034.000000,0.021000
27581534,1764336608434,sell,3033.900000,0.021000
27581535,1764336608434,sell,3033.800000,0.231000
27581536,1764336608436,sell,3033.700000,3.718000
27581537,1764336608519,sell,3033.600000,0.231000
27581538,1764336608688,sell,3033.500000,0.168000
27581539,1764336608688,sell,3033.400000,0.147000
27581540,1764336608689,sell,3033.300000,0.015000
27581541,1764336608906,sell,3033.300000,0.506000
27581542,1764336609378,buy,3033.200000,0.436000
27581543,1764336609724,buy,3033.300000,3.953000
27581544,1764336610626,buy,3033.550000,4.044000
27581545,1764336612534,sell,3034.150000,8.381000
27581546,1764336615763,sell,3033.900000,0.017000
27581547,1764336616095,buy,3033.050000,7.888000
27581548,1764336616954,buy,3033.400000,0.128000
27581549,1764336617864,sell,3033.200000,0.014000
27581550,1764336617936,sell,3033.000000,4.838000
27581551,1764336617936,sell,3032.900000,0.034000
27581552,1764336617936,sell,3032.800000,0.063000
27581553,1764336617936,sell,3032.700000,1.886000
27581554,1764336618858,buy,3033.600000,0.147000
27581555,1764336619236,sell,3033.750000,17.684000
27581556,1764336619748,buy,3033.800000,0.021000
27581557,1764336619936,buy,3033.900000,0.021000
27581558,1764336619982,buy,3034.000000,0.021000
27581559,1764336619982,buy,3034.100000,0.084000
27581560,1764336619982,buy,3034.200000,0.771000
27581561,1764336620089,buy,3034.300000,0.042000
27581562,1764336620170,buy,3034.600000,0.063000
27581563,1764336620196,buy,3034.700000,1.760000
27581564,1764336620199,buy,3034.900000,0.013000
27581565,1764336620199,buy,3035.000000,1.546000
27581566,1764336620365,sell,3035.000000,0.111000
27581567,1764336621844,sell,3034.900000,0.659000
27581568,1764336622838,buy,3034.550000,20.502000
27581569,1764336626499,sell,3034.550000,21.119000
27581570,1764336629542,buy,3034.300000,0.198000
27581571,1764336630206,buy,3034.550000,15.719000
27581572,1764336632876,buy,3034.550000,22.056000
27581573,1764336633536,buy,3034.600000,1.494000
27581574,1764336636486,sell,3034.590000,8.538000
27581575,1764336637834,sell,3034.950000,22.132000
27581576,1764336639032,buy,3035.000000,0.273000
27581577,1764336639155,buy,3035.100000,4.100000
27581578,1764336641331,buy,3035.150000,12.251000
27581579,1764336641351,buy,3035.200000,0.105000
27581580,1764336641665,buy,3035.400000,0.843000
27581581,1764336643242,sell,3035.650000,13.687000
27581582,1764336643310,buy,3035.700000,0.168000
27581583,1764336644276,buy,3035.800000,0.294000
27581584,1764336645293,buy,3035.850000,21.716000
27581585,1764336645446,buy,3035.900000,0.193000
27581586,1764336647192,buy,3035.900000,3.338000
27581587,1764336647515,buy,3035.900000,0.561000
27581588,1764336648450,sell,3035.870000,15.727000
27581589,1764336650671,buy,3035.890000,24.200000
27581590,1764336652482,sell,3035.800000,0.024000
27581591,1764336653950,sell,3035.550000,13.613000
27581592,1764336655780,sell,3035.750000,14.166000
27581593,1764336657624,buy,3035.800000,9.453000
27581594,1764336658865,sell,3035.850000,25.530000
27581595,1764336661133,buy,3035.900000,0.049000
27581596,1764336662191,buy,3035.870000,9.709000
27581597,1764336663615,buy,3035.880000,21.793000
27581598,1764336666819,sell,3035.880000,12.564000
27581599,1764336667305,buy,3035.900000,1.397000
27581600,1764336668309,sell,3035.900000,3.577000
27581601,1764336668770,buy,3035.950000,16.325000
27581602,1764336671147,buy,3036.000000,0.089000
27581603,1764336671378,sell,3036.050000,6.337000
27581604,1764336671891,buy,3036.100000,0.090000
27581605,1764336671914,buy,3036.200000,0.015000
27581606,1764336671963,buy,3036.300000,1.476000
27581607,1764336672125,buy,3036.400000,0.092000
27581608,1764336672125,buy,3036.500000,0.119000
27581609,1764336672126,buy,3036.700000,0.050000
27581610,1764336672436,sell,3036.750000,8.965000
27581611,1764336673299,buy,3036.800000,0.013000
27581612,1764336673726,buy,3036.900000,0.097000
27581613,1764336673919,buy,3037.150000,11.803000
27581614,1764336675085,buy,3037.200000,13.028000
27581615,1764336675891,sell,3037.250000,6.329000
27581616,1764336676958,sell,3037.250000,17.125000
27581617,1764336679928,buy,3037.250000,10.580000
27581618,1764336681035,buy,3037.300000,2.008000
27581619,1764336681168,buy,3037.300000,3.013000
27581620,1764336681387,buy,3037.300000,1.085000
27581621,1764336681426,buy,3037.400000,0.272000
27581622,1764336682925,buy,3037.450000,12.676000
27581623,1764336683565,buy,3037.500000,0.042000
27581624,1764336683565,buy,3037.700000,0.618000
27581625,1764336686676,sell,3037.620000,11.980000
27581626,1764336687967,sell,3037.600000,0.356000
27581627,1764336688590,buy,3037.700000,0.409000
27581628,1764336689125,sell,3037.600000,1.646000
27581629,1764336689465,sell,3037.500000,0.015000
27581630,1764336690218,buy,3037.050000,5.128000
27581631,1764336691810,sell,3037.050000,9.084000
27581632,1764336692466,sell,3037.000000,1.074000
27581633,1764336692736,sell,3036.800000,0.168000
27581634,1764336693390,sell,3036.500000,3.292000
27581635,1764336694633,buy,3036.550000,5.607000
27581636,1764336695186,buy,3036.700000,0.015000
27581637,1764336696432,buy,3037.350000,10.739000
27581638,1764336698876,buy,3037.400000,2.008000
27581639,1764336699750,sell,3037.350000,9.067000
27581640,1764336700787,sell,3037.300000,0.065000
27581641,1764336702473,buy,3037.400000,1.445000
27581642,1764336702815,buy,3037.550000,3.326000
27581643,1764336703925,sell,3037.550000,5.216000
27581644,1764336705823,buy,3037.470000,2.808000
27581645,1764336706873,buy,3037.350000,4.300000
27581646,1764336708537,sell,3037.350000,5.521000
27581647,1764336710672,buy,3037.150000,8.025000
27581648,1764336714036,sell,3037.150000,2.649000
27581649,1764336715257,sell,3037.150000,7.383000
27581650,1764336718688,buy,3037.150000,7.825000
27581651,1764336722405,sell,3037.150000,2.328000
27581652,1764336723501,sell,3036.750000,6.603000
27581653,1764336726511,buy,3036.850000,4.248000
27581654,1764336727898,buy,3036.900000,0.013000
27581655,1764336727898,sell,3036.800000,7.950000
27581656,1764336728241,buy,3037.400000,0.738000
27581657,1764336728399,buy,3037.650000,7.103000
27581658,1764336731409,sell,3037.650000,7.815000
27581659,1764336731966,buy,3037.700000,0.462000
27581660,1764336734472,buy,3037.750000,5.550000
27581661,1764336735143,buy,3037.800000,0.665000
27581662,1764336735282,buy,3038.000000,0.003000
27581663,1764336735426,buy,3038.000000,0.001000
27581664,1764336735426,buy,3038.100000,1.985000
27581665,1764336735426,buy,3038.200000,0.087000
27581666,1764336735426,buy,3038.300000,0.128000
27581667,1764336735426,buy,3038.400000,0.002000
27581668,1764336735426,buy,3038.500000,0.378000
27581669,1764336735454,buy,3038.600000,0.341000
27581670,1764336735454,buy,3038.700000,0.739000
27581671,1764336736328,buy,3038.800000,0.961000
27581672,1764336736782,sell,3038.950000,5.199000
27581673,1764336738959,buy,3038.650000,6.617000
27581674,1764336739880,buy,3038.700000,2.529000
27581675,1764336741693,sell,3038.650000,7.205000
27581676,1764336745013,buy,3037.950000,3.742000
27581677,1764336745173,sell,3037.900000,5.629000
27581678,1764336746348,buy,3038.000000,0.493000
27581679,1764336746742,sell,3037.950000,7.171000
27581680,1764336746778,buy,3038.000000,0.775000
27581681,1764336749980,buy,3038.750000,7.458000
27581682,1764336753281,sell,3038.750000,8.294000
27581683,1764336757015,buy,3038.450000,4.839000
27581684,1764336757174,buy,3038.500000,17.840000
27581685,1764336759202,buy,3038.450000,5.467000
27581686,1764336761736,sell,3038.850000,4.390000
27581687,1764336762696,buy,3038.900000,2.000000
27581688,1764336762879,buy,3038.900000,0.286000
27581689,1764336763668,sell,3038.850000,7.666000
27581690,1764336767156,buy,3038.850000,6.031000
27581691,1764336769829,buy,3038.850000,6.686000
27581692,1764336772883,sell,3039.050000,2.468000
27581693,1764336773479,sell,3039.000000,2.225000
27581694,1764336773990,sell,3038.950000,8.031000
27581695,1764336774369,sell,3038.800000,0.738000
27581696,1764336777463,buy,3038.550000,5.883000
27581697,1764336779983,sell,3038.550000,6.963000
27581698,1764336782426,sell,3038.300000,0.147000
27581699,1764336783038,buy,3038.250000,3.284000
27581700,1764336784439,buy,3038.250000,8.303000
27581701,1764336785344,buy,3038.300000,5.153000
27581702,1764336787967,sell,3038.050000,6.749000
27581703,1764336790956,buy,3038.050000,6.812000
27581704,1764336791252,sell,3038.000000,7.853000
27581705,1764336791641,sell,3037.900000,0.746000
27581706,1764336794257,sell,3037.850000,6.179000
27581707,1764336796783,sell,3037.600000,0.329000
27581708,1764336796983,buy,3037.650000,3.164000
27581709,1764336798518,sell,3037.650000,2.684000
27581710,1764336799859,sell,3037.600000,0.013000
27581711,1764336799876,buy,3037.650000,2.223000
27581712,1764336801020,sell,3037.650000,7.468000
27581713,1764336802664,sell,3037.500000,0.336000
27581714,1764336802721,sell,3037.400000,0.021000
27581715,1764336804866,buy,3037.250000,5.581000
27581716,1764336805600,sell,3037.200000,17.132000
27581717,1764336805624,sell,3036.900000,0.663000
27581718,1764336805739,sell,3036.900000,0.440000
27581719,1764336807913,sell,3036.950000,9.006000
27581720,1764336810739,buy,3037.100000,0.012000
27581721,1764336810739,buy,3037.200000,0.645000
27581722,1764336811752,buy,3037.450000,5.990000
27581723,1764336812258,sell,3037.400000,0.562000
27581724,1764336812344,buy,3037.500000,0.237000
27581725,1764336813982,buy,3037.450000,4.736000
27581726,1764336815883,sell,3037.470000,9.008000
27581727,1764336818538,buy,3037.500000,0.231000
27581728,1764336818567,buy,3037.600000,0.042000
27581729,1764336819183,buy,3037.700000,0.042000
27581730,1764336819430,buy,3037.750000,10.111000
27581731,1764336822254,buy,3037.800000,0.021000
27581732,1764336822328,buy,3038.000000,0.659000
27581733,1764336822634,buy,3038.000000,0.008000
27581734,1764336823372,sell,3037.950000,4.982000
27581735,1764336823840,buy,3038.000000,0.290000
27581736,1764336825309,buy,3038.150000,7.590000
27581737,1764336828285,sell,3038.150000,5.825000
27581738,1764336830668,buy,3038.150000,2.762000
27581739,1764336831796,sell,3038.250000,5.190000
27581740,1764336832942,sell,3038.300000,0.551000
27581741,1764336833934,buy,3038.350000,9.190000
27581742,1764336837825,sell,3038.350000,9.173000
27581743,1764336840159,buy,3038.400000,0.003000
27581744,1764336841694,buy,3038.350000,5.033000
27581745,1764336842837,buy,3038.700000,1.410000
27581746,1764336843979,sell,3038.750000,6.029000
27581747,1764336845560,buy,3038.800000,0.197000
27581748,1764336846452,buy,3038.770000,5.367000
27581749,1764336847795,sell,3038.500000,0.658000
27581750,1764336848668,sell,3038.450000,9.141000
27581751,1764336849689,buy,3038.500000,3.577000
27581752,1764336850653,sell,3038.300000,0.003000
27581753,1764336852488,buy,3038.350000,7.473000
27581754,1764336855801,sell,3038.350000,2.993000
27581755,1764336856365,buy,3038.400000,0.562000
27581756,1764336857120,buy,3038.350000,8.290000
27581757,1764336857184,sell,3038.300000,0.205000
27581758,1764336858859,buy,3038.200000,0.205000
27581759,1764336859102,sell,3038.100000,1.431000
27581760,1764336860679,sell,3037.950000,4.325000
27581761,1764336861121,sell,3037.800000,0.065000
27581762,1764336862398,sell,3037.750000,9.328000
27581763,1764336864552,buy,3037.800000,2.008000
27581764,1764336866098,buy,3038.070000,6.182000
27581765,1764336869426,buy,3038.070000,3.792000
27581766,1764336870183,sell,3038.000000,0.178000
27581767,1764336870540,buy,3038.100000,0.178000
27581768,1764336870845,sell,3038.000000,0.003000
27581769,1764336871548,sell,3038.060000,4.968000
27581770,1764336875060,buy,3038.150000,3.852000
27581771,1764336877785,sell,3038.350000,3.246000
27581772,1764336880195,buy,3038.320000,3.688000
27581773,1764336882555,sell,3038.370000,2.346000
27581774,1764336884143,buy,3038.350000,2.610000
27581775,1764336886048,sell,3038.350000,3.808000
27581776,1764336888774,buy,3038.350000,3.954000
27581777,1764336889499,sell,3038.700000,0.460000
27581778,1764336891544,sell,3038.550000,2.310000
27581779,1764336892676,buy,3038.550000,4.097000
27581780,1764336894669,sell,3038.450000,4.913000
27581781,1764336897014,buy,3038.450000,2.193000
27581782,1764336898078,sell,3038.450000,7.879000
27581783,1764336901052,buy,3038.600000,0.012000
27581784,1764336901844,buy,3038.950000,8.381000
27581785,1764336903173,buy,3039.000000,1.175000
27581786,1764336903325,buy,3039.100000,0.219000
27581787,1764336903857,buy,3039.200000,0.210000
27581788,1764336903953,buy,3039.300000,1.015000
27581789,1764336904091,buy,3039.400000,0.004000
27581790,1764336904773,buy,3039.400000,4.096000
27581791,1764336905589,sell,3039.450000,7.723000
27581792,1764336906767,buy,3039.500000,0.358000
27581793,1764336906768,buy,3039.600000,0.021000
27581794,1764336906768,buy,3039.700000,0.084000
27581795,1764336906770,buy,3039.800000,0.221000
27581796,1764336906777,buy,3040.000000,1.915000
27581797,1764336906777,buy,3040.100000,0.154000
27581798,1764336906777,buy,3040.200000,0.717000
27581799,1764336906804,buy,3040.400000,0.126000
27581800,1764336906804,buy,3040.500000,1.988000
27581801,1764336906808,buy,3040.600000,0.102000
27581802,1764336906808,buy,3040.700000,0.342000
27581803,1764336906809,buy,3040.800000,0.100000
27581804,1764336906809,buy,3040.900000,0.275000
27581805,1764336906809,buy,3041.000000,0.212000
27581806,1764336906809,buy,3041.100000,1.966000
27581807,1764336906813,buy,3041.200000,0.233000
27581808,1764336906813,buy,3041.400000,0.029000
27581809,1764336906813,buy,3041.500000,2.258000
27581810,1764336906959,buy,3041.500000,1.929000
27581811,1764336906959,buy,3041.700000,0.029000
27581812,1764336906959,buy,3041.800000,0.065000
27581813,1764336906959,buy,3041.900000,0.027000
27581814,1764336906959,buy,3042.000000,0.191000
27581815,1764336906959,buy,3042.200000,1.184000
27581816,1764336906959,buy,3042.400000,0.003000
27581817,1764336906959,buy,3042.500000,0.003000
27581818,1764336907106,buy,3042.600000,1.218000
27581819,1764336907233,buy,3042.700000,0.175000
27581820,1764336907233,buy,3042.800000,0.370000
27581821,1764336907447,buy,3042.800000,0.060000
27581822,1764336907656,sell,3042.700000,0.042000
27581823,1764336907658,buy,3042.800000,0.003000
27581824,1764336908316,buy,3043.000000,0.261000
27581825,1764336908331,buy,3043.100000,0.004000
27581826,1764336908769,buy,3043.050000,18.101000
27581827,1764336909190,sell,3043.000000,0.015000
27581828,1764336909313,buy,3043.100000,0.050000
27581829,1764336910102,sell,3043.000000,1.228000
27581830,1764336910902,sell,3043.050000,28.585000
27581831,1764336911289,sell,3042.800000,0.023000
27581832,1764336911289,sell,3042.700000,1.644000
27581833,1764336911289,sell,3042.600000,1.119000
27581834,1764336914114,buy,3041.450000,14.954000
27581835,1764336915733,buy,3041.450000,17.334000
27581836,1764336917566,sell,3041.450000,30.922000
27581837,1764336917995,buy,3041.500000,0.230000
27581838,1764336920776,buy,3041.150000,32.210000
27581839,1764336921086,buy,3041.300000,0.012000
27581840,1764336921086,buy,3041.600000,0.563000
27581841,1764336923650,sell,3041.600000,0.002000
27581842,1764336924085,sell,3041.650000,31.050000
27581843,1764336925037,buy,3041.700000,0.441000
27581844,1764336925393,buy,3041.800000,1.644000
27581845,1764336926172,buy,3042.000000,0.006000
27581846,1764336927044,buy,3041.950000,39.758000
27581847,1764336927075,buy,3042.000000,3.286000
27581848,1764336929787,buy,3042.000000,3.286000
27581849,1764336930748,sell,3042.000000,18.214000
27581850,1764336932422,sell,3041.550000,13.911000
27581851,1764336932656,sell,3041.500000,1.644000
27581852,1764336932825,sell,3041.400000,0.006000
27581853,1764336932834,buy,3041.500000,3.286000
27581854,1764336933715,buy,3041.150000,12.928000
27581855,1764336933849,sell,3041.100000,0.894000
27581856,1764336933853,sell,3041.000000,0.021000
27581857,1764336934890,sell,3040.850000,40.059000
27581858,1764336938316,buy,3041.000000,0.004000
27581859,1764336938487,buy,3040.950000,12.473000
27581860,1764336939433,buy,3041.000000,0.009000
27581861,1764336939607,buy,3041.550000,36.908000
27581862,1764336940212,buy,3041.700000,0.768000
27581863,1764336942692,buy,3041.900000,0.138000
27581864,1764336942692,buy,3042.000000,1.644000
27581865,1764336942692,buy,3042.100000,1.504000
27581866,1764336942834,sell,3042.050000,35.360000
27581867,1764336945980,buy,3041.750000,18.782000
27581868,1764336947549,buy,3041.750000,14.529000
27581869,1764336948742,sell,3041.750000,44.244000
27581870,1764336952363,buy,3041.760000,35.092000
27581871,1764336955400,sell,3041.750000,32.833000
27581872,1764336958122,buy,3041.800000,0.020000
27581873,1764336958179,buy,3041.750000,30.972000
27581874,1764336958571,sell,3041.700000,0.733000
27581875,1764336960784,sell,3041.750000,22.963000
27581876,1764336961226,sell,3042.400000,0.017000
27581877,1764336962713,buy,3042.450000,14.703000
27581878,1764336963915,buy,3042.350000,42.149000
27581879,1764336965060,buy,3042.400000,2.144000
27581880,1764336967396,sell,3042.450000,15.572000
27581881,1764336968319,buy,3042.500000,0.581000
27581882,1764336969029,buy,3042.900000,3.480000
27581883,1764336969599,sell,3043.150000,22.669000
27581884,1764336970988,buy,3043.200000,0.002000
27581885,1764336971653,buy,3043.300000,2.338000
27581886,1764336972625,buy,3043.400000,0.006000
27581887,1764336972625,buy,3043.500000,1.230000
27581888,1764336972626,buy,3043.600000,0.460000
27581889,1764336973275,buy,3043.600000,6.358000
27581890,1764336973275,buy,3043.800000,0.137000
27581891,1764336973275,buy,3043.900000,1.472000
27581892,1764336973295,buy,3043.850000,18.183000
27581893,1764336974000,buy,3044.000000,2.320000
27581894,1764336974044,buy,3044.200000,0.483000
27581895,1764336974151,buy,3044.400000,0.164000
27581896,1764336974156,buy,3044.600000,0.013000
27581897,1764336974170,buy,3044.700000,0.063000
27581898,1764336974171,buy,3044.800000,0.186000
27581899,1764336974171,buy,3045.000000,1.563000
27581900,1764336974171,buy,3045.300000,0.003000
27581901,1764336974171,buy,3045.400000,0.015000
27581902,1764336974171,buy,3045.500000,1.741000
27581903,1764336974171,buy,3045.700000,4.791000
27581904,1764336974215,buy,3045.800000,0.050000
27581905,1764336974215,buy,3045.900000,0.063000
27581906,1764336974215,buy,3046.000000,0.189000
27581907,1764336974215,buy,3046.100000,0.014000
27581908,1764336974215,buy,3046.200000,0.386000
27581909,1764336974215,buy,3046.400000,4.995000
27581910,1764336974358,buy,3046.500000,1.190000
27581911,1764336974550,sell,3046.500000,3.292000
27581912,1764336974559,buy,3046.600000,0.316000
27581913,1764336974742,sell,3046.500000,0.004000
27581914,1764336974842,buy,3046.600000,0.976000
27581915,1764336974917,sell,3046.500000,3.292000
27581916,1764336974930,buy,3046.600000,4.016000
27581917,1764336974957,sell,3046.600000,0.002000
27581918,1764336975070,sell,3046.600000,3.372000
27581919,1764336975304,buy,3046.700000,3.296000
27581920,1764336975489,buy,3046.800000,1.985000
27581921,1764336975532,sell,3046.800000,3.292000
27581922,1764336975594,buy,3046.900000,2.074000
27581923,1764336975848,buy,3047.000000,0.207000
27581924,1764336975848,buy,3047.200000,0.130000
27581925,1764336975848,buy,3047.300000,0.186000
27581926,1764336975848,buy,3047.500000,1.271000
27581927,1764336975925,sell,3047.400000,3.292000
27581928,1764336976105,buy,3047.600000,0.002000
27581929,1764336976105,buy,3047.800000,4.100000
27581930,1764336976105,buy,3047.900000,0.585000
27581931,1764336976105,buy,3048.000000,0.164000
27581932,1764336976105,buy,3048.100000,0.003000
27581933,1764336976105,buy,3048.300000,3.688000
27581934,1764336976105,buy,3048.400000,0.163000
27581935,1764336976105,buy,3048.500000,8.237000
27581936,1764336976105,sell,3047.500000,0.119000
27581937,1764336976105,buy,3048.500000,0.164000
27581938,1764336976421,sell,3048.350000,39.930000
27581939,1764336976707,sell,3048.300000,3.292000
27581940,1764336977071,sell,3048.200000,0.018000
27581941,1764336977071,sell,3048.100000,3.274000
27581942,1764336977104,buy,3048.200000,3.296000
27581943,1764336977104,sell,3048.100000,4.944000
27581944,1764336978114,sell,3047.200000,1.648000
27581945,1764336978149,buy,3047.300000,0.902000
27581946,1764336979510,sell,3047.200000,0.002000
27581947,1764336979591,buy,3047.250000,50.108000
27581948,1764336980746,buy,3047.300000,0.419000
27581949,1764336980904,buy,3047.800000,2.000000
27581950,1764336981253,sell,3047.700000,3.292000
27581951,1764336981996,sell,3048.200000,5.596000
27581952,1764336982848,buy,3048.400000,0.797000
27581953,1764336983448,sell,3048.550000,30.764000
27581954,1764336983544,sell,3048.500000,0.414000
27581955,1764336983544,sell,3048.400000,0.872000
27581956,1764336984447,buy,3048.300000,2.166000
27581957,1764336984447,buy,3048.400000,0.015000
27581958,1764336984447,buy,3048.600000,4.000000
27581959,1764336985130,sell,3048.000000,0.006000
27581960,1764336985638,buy,3048.050000,21.340000
27581961,1764336986200,buy,3048.100000,0.581000
27581962,1764336987062,sell,3048.300000,0.081000
27581963,1764336987148,sell,3048.350000,57.497000
27581964,1764336988600,buy,3048.600000,2.042000
27581965,1764336989408,buy,3048.700000,0.002000
27581966,1764336989516,buy,3048.800000,0.330000
27581967,1764336989903,buy,3048.800000,0.090000
27581968,1764336989968,buy,3048.900000,0.898000
27581969,1764336990112,buy,3049.000000,1.010000
27581970,1764336990272,buy,3049.000000,1.347000
27581971,1764336990385,buy,3049.200000,0.159000
27581972,1764336990385,buy,3049.300000,0.021000
27581973,1764336990386,buy,3049.400000,0.449000
27581974,1764336990389,buy,3049.500000,0.162000
27581975,1764336990425,buy,3049.600000,0.364000
27581976,1764336990425,buy,3049.700000,0.048000
27581977,1764336990425,buy,3049.800000,0.084000
27581978,1764336990425,buy,3049.900000,2.116000
27581979,1764336990443,buy,3050.000000,14.392000
27581980,1764336990443,buy,3050.100000,0.025000
27581981,1764336990443,buy,3050.200000,0.029000
27581982,1764336990443,buy,3050.300000,0.788000
27581983,1764336990501,buy,3050.400000,0.013000
27581984,1764336990501,buy,3050.500000,9.494000
27581985,1764336990551,buy,3050.700000,2.799000
27581986,1764336991108,buy,3050.750000,52.445000
27581987,1764336991111,buy,3050.800000,0.054000
27581988,1764336991111,buy,3050.900000,0.252000
27581989,1764336991111,buy,3051.000000,0.290000
27581990,1764336991111,buy,3051.200000,0.015000
27581991,1764336991111,buy,3051.300000,0.009000
27581992,1764336991111,buy,3051.400000,1.026000
27581993,1764336991112,sell,3050.700000,1.646000
27581994,1764336991992,buy,3051.500000,0.017000
27581995,1764336991992,buy,3051.800000,0.011000
27581996,1764336992102,buy,3051.800000,0.127000
27581997,1764336992102,buy,3051.900000,0.012000
27581998,1764336992102,buy,3052.000000,0.274000
27581999,1764336992102,buy,3052.100000,1.233000
27582000,1764336992102,sell,3051.700000,1.646000
27582001,1764336992296,buy,3051.300000,8.740000
27582002,1764336992856,buy,3051.700000,2.181000
27582003,1764336993083,buy,3051.700000,1.646000
27582004,1764336994104,buy,3051.600000,0.327000
27582005,1764336994104,sell,3051.500000,1.646000
27582006,1764336994280,sell,3051.550000,56.167000
27582007,1764336994530,buy,3051.600000,0.896000
27582008,1764336995509,sell,3051.400000,0.124000
27582009,1764336995572,buy,3051.500000,0.132000
27582010,1764336996892,buy,3051.500000,0.088000
27582011,1764336997110,buy,3051.450000,42.616000
27582012,1764336998099,sell,3051.000000,0.775000
27582013,1764336998099,sell,3050.800000,7.256000
27582014,1764336999164,buy,3050.550000,27.787000
27582015,1764336999872,sell,3050.500000,0.050000
27582016,1764336999875,sell,3050.100000,0.021000
27582017,1764336999907,sell,3049.700000,1.450000
27582018,1764336999908,sell,3049.500000,0.659000
27582019,1764336999909,sell,3049.400000,0.042000
27582020,1764336999909,sell,3049.300000,0.063000
27582021,1764336999909,sell,3049.200000,3.540000
27582022,1764336999914,sell,3049.400000,10.921000
27582023,1764337000475,sell,3049.950000,84.605000
27582024,1764337000913,buy,3050.400000,0.654000
27582025,1764337001164,buy,3051.200000,1.312000
27582026,1764337001213,sell,3051.100000,0.002000
27582027,1764337001284,buy,3051.200000,0.656000
27582028,1764337001713,buy,3051.200000,0.633000
27582029,1764337002452,buy,3051.200000,0.311000
27582030,1764337002690,buy,3051.300000,0.021000
27582031,1764337004158,buy,3051.750000,87.860000
27582032,1764337004431,buy,3051.800000,3.111000
27582033,1764337005150,buy,3051.800000,3.476000
27582034,1764337005377,sell,3051.700000,2.849000
27582035,1764337006468,sell,3051.500000,1.991000
27582036,1764337006820,buy,3051.300000,0.574000
27582037,1764337007599,sell,3051.950000,67.718000
27582038,1764337007685,sell,3051.900000,0.013000
27582039,1764337009095,buy,3052.100000,0.192000
27582040,1764337010164,buy,3052.150000,36.119000
27582041,1764337010231,buy,3052.200000,0.071000
27582042,1764337010340,buy,3052.200000,0.841000
27582043,1764337010425,buy,3052.300000,0.232000
27582044,1764337010540,buy,3052.600000,0.078000
27582045,1764337011249,sell,3052.500000,0.040000
27582046,1764337011371,buy,3052.600000,0.138000
27582047,1764337011381,buy,3052.800000,0.013000
27582048,1764337011508,buy,3052.750000,90.351000
27582049,1764337011530,buy,3052.800000,1.982000
27582050,1764337011530,buy,3052.900000,0.002000
27582051,1764337011530,buy,3053.000000,0.195000
27582052,1764337011737,buy,3053.100000,0.174000
27582053,1764337011737,buy,3053.400000,0.105000
27582054,1764337011737,buy,3053.500000,0.781000
27582055,1764337013334,sell,3053.400000,0.045000
27582056,1764337014366,buy,3053.600000,0.073000
27582057,1764337014528,buy,3053.700000,0.248000
27582058,1764337014538,buy,3053.800000,0.384000
27582059,1764337014690,buy,3053.900000,0.035000
27582060,1764337014690,buy,3054.000000,0.325000
27582061,1764337014827,sell,3054.150000,97.112000
27582062,1764337015007,buy,3054.200000,0.302000
27582063,1764337015269,buy,3054.300000,0.016000
27582064,1764337015269,buy,3054.400000,0.096000
27582065,1764337015269,buy,3054.500000,0.015000
27582066,1764337015269,buy,3054.600000,0.289000
27582067,1764337015270,buy,3054.700000,0.097000
27582068,1764337015270,buy,3054.800000,0.005000
27582069,1764337015270,buy,3054.900000,0.105000
27582070,1764337015270,buy,3055.000000,1.560000
27582071,1764337015746,sell,3054.900000,0.002000
27582072,1764337016012,buy,3055.000000,0.309000
27582073,1764337016064,buy,3055.100000,1.669000
27582074,1764337016532,sell,3055.100000,0.002000
27582075,1764337016662,buy,3055.200000,0.010000
27582076,1764337017041,buy,3055.300000,0.050000
27582077,1764337017083,buy,3055.400000,0.019000
27582078,1764337017297,buy,3055.500000,0.061000
27582079,1764337017432,sell,3054.800000,0.083000
27582080,1764337018105,buy,3055.600000,0.652000
27582081,1764337018272,buy,3055.550000,59.201000
27582082,1764337018342,buy,3055.600000,0.296000
27582083,1764337018373,buy,3055.700000,0.036000
27582084,1764337019287,buy,3055.700000,0.237000
27582085,1764337019292,buy,3055.800000,0.124000
27582086,1764337020133,sell,3055.750000,114.725000
27582087,1764337020825,buy,3055.800000,2.010000
27582088,1764337021491,sell,3055.600000,0.020000
27582089,1764337021491,sell,3055.300000,0.635000
27582090,1764337021773,sell,3055.100000,0.042000
27582091,1764337021871,sell,3055.000000,0.002000
27582092,1764337021871,sell,3054.900000,0.126000
27582093,1764337021872,sell,3054.800000,0.021000
27582094,1764337022159,sell,3054.700000,0.273000
27582095,1764337022480,sell,3054.500000,0.084000
27582096,1764337022700,sell,3054.300000,0.128000
27582097,1764337022882,sell,3054.200000,0.147000
27582098,1764337022950,sell,3054.100000,0.021000
27582099,1764337022960,sell,3054.000000,0.210000
27582100,1764337023128,sell,3053.800000,0.063000
27582101,1764337023128,sell,3053.600000,0.126000
27582102,1764337023128,sell,3053.500000,0.097000
27582103,1764337023155,sell,3053.400000,0.021000
27582104,1764337023155,sell,3053.300000,0.552000
27582105,1764337023155,sell,3053.200000,0.082000
27582106,1764337023390,sell,3053.200000,0.047000
27582107,1764337023433,buy,3053.100000,0.654000
27582108,1764337023649,buy,3053.050000,79.383000
27582109,1764337024124,sell,3053.000000,0.273000
27582110,1764337024126,sell,3052.900000,0.021000
27582111,1764337024151,sell,3052.800000,2.125000
27582112,1764337024156,buy,3052.700000,0.001000
27582113,1764337024306,sell,3052.600000,0.168000
27582114,1764337024306,sell,3052.500000,0.210000
27582115,1764337024306,sell,3052.400000,0.021000
27582116,1764337024455,sell,3052.300000,0.244000
27582117,1764337024500,sell,3052.200000,0.124000
27582118,1764337024673,sell,3052.200000,0.024000
27582119,1764337025983,sell,3052.250000,51.793000
27582120,1764337026801,sell,3052.200000,1.039000
27582121,1764337026852,sell,3052.100000,2.770000
27582122,1764337027490,buy,3051.950000,91.105000
27582123,1764337028066,sell,3051.900000,0.042000
27582124,1764337028192,sell,3051.700000,0.985000
27582125,1764337028439,sell,3051.700000,0.042000
27582126,1764337030129,sell,3051.550000,53.252000
27582127,1764337030212,sell,3051.500000,0.036000
27582128,1764337031159,sell,3051.500000,0.003000
27582129,1764337031678,sell,3051.550000,55.985000
27582130,1764337031991,sell,3051.500000,1.935000
27582131,1764337032082,sell,3051.400000,5.005000
27582132,1764337032183,sell,3051.400000,2.770000
27582133,1764337032403,sell,3051.300000,0.378000
27582134,1764337032615,sell,3051.200000,0.021000
27582135,1764337032792,sell,3051.100000,0.021000
27582136,1764337032849,sell,3051.000000,0.126000
27582137,1764337033005,sell,3050.900000,0.105000
27582138,1764337033005,sell,3050.800000,0.180000
27582139,1764337033295,sell,3050.700000,0.315000
27582140,1764337033316,buy,3050.650000,131.323000
27582141,1764337033539,sell,3050.600000,0.084000
27582142,1764337033636,sell,3050.500000,0.063000
27582143,1764337033719,sell,3050.400000,0.055000
27582144,1764337033719,sell,3050.300000,11.140000
27582145,1764337033719,sell,3050.200000,6.879000
27582146,1764337033719,sell,3050.100000,1.926000
27582147,1764337034210,sell,3050.000000,1.295000
27582148,1764337034273,sell,3049.900000,2.008000
27582149,1764337034405,sell,3049.800000,0.003000
27582150,1764337034622,sell,3049.800000,0.018000
27582151,1764337034725,sell,3049.700000,0.147000
27582152,1764337035225,sell,3049.600000,0.315000
27582153,1764337035251,sell,3049.500000,0.042000
27582154,1764337035815,sell,3049.400000,0.460000
27582155,1764337035931,sell,3049.400000,14.683000
27582156,1764337036017,sell,3049.300000,3.870000
27582157,1764337037080,sell,3049.550000,86.579000
27582158,1764337037104,sell,3049.500000,9.657000
27582159,1764337040211,buy,3049.600000,106.048000
27582160,1764337040631,sell,3049.600000,19.805000
27582161,1764337040987,sell,3049.600000,0.818000
27582162,1764337042798,buy,3049.600000,0.018000
27582163,1764337042803,buy,3049.700000,0.147000
27582164,1764337042869,buy,3049.800000,0.147000
27582165,1764337042869,buy,3049.900000,0.105000
27582166,1764337042869,buy,3050.000000,0.404000
27582167,1764337044136,sell,3049.960000,64.510000
27582168,1764337045114,sell,3049.900000,0.421000
27582169,1764337045684,sell,3049.500000,0.655000
27582170,1764337046484,buy,3049.700000,0.009000
27582171,1764337046575,sell,3049.650000,49.379000
27582172,1764337047793,buy,3049.700000,0.007000
27582173,1764337048415,buy,3049.950000,42.716000
27582174,1764337049457,sell,3049.800000,0.018000
27582175,1764337050012,sell,3049.650000,43.680000
27582176,1764337051410,buy,3049.700000,2.084000
27582177,1764337051645,buy,3049.750000,73.004000
27582178,1764337053854,buy,3049.700000,1.995000
27582179,1764337054163,buy,3049.900000,0.003000
27582180,1764337054604,sell,3049.850000,83.125000
27582181,1764337056214,sell,3049.800000,2.109000
27582182,1764337056735,sell,3049.600000,0.996000
27582183,1764337057717,buy,3049.800000,0.013000
27582184,1764337058358,buy,3049.950000,31.998000
27582185,1764337059083,sell,3049.800000,0.015000
27582186,1764337059358,sell,3049.500000,0.768000
27582187,1764337059369,sell,3049.400000,0.003000
27582188,1764337059839,sell,3049.450000,32.337000
27582189,1764337061433,buy,3049.450000,55.277000
27582190,1764337061592,sell,3049.400000,11.560000
27582191,1764337064537,sell,3049.250000,37.653000
27582192,1764337064924,sell,3049.200000,0.003000
27582193,1764337066741,buy,3049.250000,51.094000
27582194,1764337067287,sell,3049.200000,0.004000
27582195,1764337067794,sell,3049.200000,0.098000
27582196,1764337068067,sell,3049.000000,0.588000
27582197,1764337068160,sell,3048.900000,0.898000
27582198,1764337068349,sell,3048.800000,0.633000
27582199,1764337068349,sell,3048.700000,0.002000
27582200,1764337068351,sell,3048.600000,0.168000
27582201,1764337068351,sell,3048.500000,0.105000
27582202,1764337068351,sell,3048.400000,0.050000
27582203,1764337068351,sell,3048.300000,0.084000
27582204,1764337068351,sell,3048.100000,0.653000
27582205,1764337068406,sell,3047.900000,0.852000
27582206,1764337068406,sell,3047.800000,4.100000
27582207,1764337068406,sell,3047.700000,0.042000
27582208,1764337068406,sell,3047.600000,4.198000
27582209,1764337068937,sell,3047.600000,0.063000
27582210,1764337069784,sell,3047.550000,20.830000
27582211,1764337069975,sell,3047.500000,0.003000
27582212,1764337070199,sell,3047.500000,0.518000
27582213,1764337070971,sell,3047.350000,51.739000
27582214,1764337072120,sell,3047.300000,0.039000
27582215,1764337072120,sell,3047.000000,0.536000
27582216,1764337073118,sell,3046.900000,0.562000
27582217,1764337073520,sell,3046.900000,4.413000
27582218,1764337073963,buy,3046.850000,42.616000
27582219,1764337076541,sell,3046.850000,32.814000
27582220,1764337078766,buy,3046.850000,30.591000
27582221,1764337079701,sell,3047.000000,0.011000
27582222,1764337079825,buy,3047.200000,0.655000
27582223,1764337080606,sell,3047.800000,1.655000
27582224,1764337080741,sell,3048.100000,2.000000
27582225,1764337081125,sell,3048.150000,21.790000
27582226,1764337082011,buy,3048.200000,0.347000
27582227,1764337082990,buy,3048.650000,33.651000
27582228,1764337085634,sell,3048.500000,0.012000
27582229,1764337086132,sell,3048.350000,18.917000
27582230,1764337087989,buy,3047.850000,29.629000
27582231,1764337090866,sell,3047.750000,38.013000
27582232,1764337094577,buy,3047.400000,0.012000
27582233,1764337094750,buy,3047.650000,28.599000
27582234,1764337094879,sell,3047.600000,0.013000
27582235,1764337095028,buy,3047.700000,1.641000
27582236,1764337096223,buy,3048.400000,0.126000
27582237,1764337096234,buy,3048.700000,0.105000
27582238,1764337096290,buy,3049.000000,0.441000
27582239,1764337096290,buy,3049.100000,0.483000
27582240,1764337096370,buy,3049.200000,0.075000
27582241,1764337096374,buy,3049.600000,0.180000
27582242,1764337096374,buy,3049.900000,10.663000
27582243,1764337097614,buy,3049.900000,0.015000
27582244,1764337097744,sell,3049.850000,15.541000
27582245,1764337098659,sell,3049.800000,0.659000
27582246,1764337099240,sell,3049.250000,31.304000
27582247,1764337100688,buy,3049.300000,0.328000
27582248,1764337100702,buy,3049.400000,0.014000
27582249,1764337102340,buy,3049.700000,30.381000
27582250,1764337104237,buy,3049.700000,1.390000
27582251,1764337105279,sell,3049.650000,19.482000
27582252,1764337106758,buy,3049.700000,0.100000
27582253,1764337107266,buy,3049.650000,17.911000
27582254,1764337109232,sell,3049.690000,11.769000
27582255,1764337109464,buy,3049.700000,8.951000
27582256,1764337109688,sell,3049.900000,2.000000
27582257,1764337110539,buy,3049.950000,20.668000
27582258,1764337111899,buy,3049.800000,4.334000
27582259,1764337112805,sell,3049.600000,0.019000
27582260,1764337112824,sell,3048.750000,9.189000
27582261,1764337112849,sell,3048.700000,0.655000
27582262,1764337113181,buy,3048.400000,0.654000
27582263,1764337113378,sell,3048.800000,0.738000
27582264,1764337113901,sell,3048.850000,14.106000
27582265,1764337114405,sell,3048.700000,0.012000
27582266,1764337114986,sell,3048.300000,0.369000
27582267,1764337115028,sell,3048.200000,0.084000
27582268,1764337115190,sell,3048.000000,0.558000
27582269,1764337115341,buy,3047.800000,12.846000
27582270,1764337115543,buy,3047.750000,20.613000
27582271,1764337117386,sell,3047.700000,0.168000
27582272,1764337117654,sell,3047.600000,0.063000
27582273,1764337118032,sell,3047.350000,21.801000
27582274,1764337118448,buy,3047.800000,0.021000
27582275,1764337118670,buy,3048.200000,0.105000
27582276,1764337120460,buy,3048.600000,0.571000
27582277,1764337120771,buy,3048.550000,13.293000
27582278,1764337121977,buy,3048.700000,0.021000
27582279,1764337121978,buy,3048.800000,0.063000
27582280,1764337122264,buy,3049.000000,0.180000
27582281,1764337122457,buy,3049.150000,13.690000
27582282,1764337123283,buy,3049.400000,0.504000
27582283,1764337123777,buy,3049.600000,0.063000
27582284,1764337124149,buy,3049.700000,0.126000
27582285,1764337124200,sell,3049.850000,25.332000
27582286,1764337127364,buy,3049.850000,8.996000
27582287,1764337128632,buy,3049.750000,23.881000
27582288,1764337129575,sell,3049.700000,27.081000
27582289,1764337130072,buy,3049.800000,0.331000
27582290,1764337130072,buy,3049.900000,0.871000
27582291,1764337130072,buy,3050.000000,8.798000
27582292,1764337131930,sell,3049.900000,23.539000
27582293,1764337135415,buy,3049.450000,17.865000
27582294,1764337137638,sell,3049.400000,0.168000
27582295,1764337137690,sell,3049.300000,0.224000
27582296,1764337138072,sell,3049.150000,11.377000
27582297,1764337138111,sell,3049.100000,0.768000
27582298,1764337138111,sell,3049.000000,0.336000
27582299,1764337138111,sell,3048.900000,1.640000
27582300,1764337138111,sell,3048.800000,11.070000
27582301,1764337139779,sell,3048.750000,7.603000
27582302,1764337141024,buy,3048.850000,17.871000
27582303,1764337142089,buy,3048.900000,0.013000
27582304,1764337142376,buy,3049.700000,0.656000
27582305,1764337142746,buy,3049.900000,0.126000
27582306,1764337142808,buy,3050.000000,0.525000
27582307,1764337142931,buy,3050.200000,0.189000
27582308,1764337142931,buy,3050.400000,0.238000
27582309,1764337142931,buy,3050.500000,0.084000
27582310,1764337142931,buy,3050.700000,0.369000
27582311,1764337142931,buy,3050.800000,0.097000
27582312,1764337142931,buy,3050.900000,0.138000
27582313,1764337142989,buy,3051.100000,0.168000
27582314,1764337143002,buy,3051.200000,0.063000
27582315,1764337143100,buy,3051.500000,5.771000
27582316,1764337143100,buy,3051.600000,4.229000
27582317,1764337143377,sell,3051.500000,0.655000
27582318,1764337143543,buy,3051.600000,0.775000
27582319,1764337143643,buy,3051.700000,2.400000
27582320,1764337143935,sell,3051.650000,17.793000
27582321,1764337146468,buy,3051.650000,8.239000
27582322,1764337147621,sell,3051.550000,14.302000
27582323,1764337147978,sell,3051.400000,0.005000
27582324,1764337149654,buy,3051.450000,21.458000
27582325,1764337149959,sell,3051.400000,0.008000
27582326,1764337149962,sell,3051.100000,0.650000
27582327,1764337151464,buy,3050.700000,0.016000
27582328,1764337151466,buy,3051.100000,0.227000
27582329,1764337152282,buy,3051.600000,0.574000
27582330,1764337152445,buy,3052.000000,0.205000
27582331,1764337152445,buy,3052.100000,0.237000
27582332,1764337152445,buy,3052.200000,1.108000
27582333,1764337152445,buy,3052.300000,0.232000
27582334,1764337152445,buy,3052.500000,0.077000
27582335,1764337152445,buy,3052.600000,0.021000
27582336,1764337152519,buy,3052.700000,0.208000
27582337,1764337152556,buy,3052.800000,0.656000
27582338,1764337152586,sell,3052.750000,23.824000
27582339,1764337152996,buy,3052.800000,0.129000
27582340,1764337154030,sell,3052.600000,0.655000
27582341,1764337155357,buy,3052.650000,24.818000
27582342,1764337158248,sell,3051.950000,12.822000
27582343,1764337159996,buy,3051.650000,20.554000
27582344,1764337162117,sell,3051.500000,0.006000
27582345,1764337162786,sell,3051.450000,17.233000
27582346,1764337165192,sell,3051.450000,19.557000
27582347,1764337166135,sell,3051.200000,0.042000
27582348,1764337166147,buy,3051.100000,3.424000
27582349,1764337166598,sell,3051.000000,0.222000
27582350,1764337167935,buy,3050.850000,19.452000
27582351,1764337168589,buy,3051.000000,0.018000
27582352,1764337170002,buy,3051.300000,0.064000
27582353,1764337170616,sell,3051.250000,19.407000
27582354,1764337171213,buy,3051.300000,0.168000
27582355,1764337171409,buy,3052.000000,0.420000
27582356,1764337171409,buy,3052.300000,0.497000
27582357,1764337171409,buy,3052.400000,0.021000
27582358,1764337171414,buy,3052.600000,0.063000
27582359,1764337171414,buy,3052.700000,0.097000
27582360,1764337171457,buy,3052.800000,1.802000
27582361,1764337171457,buy,3053.000000,0.291000
27582362,1764337171460,buy,3053.400000,0.328000
27582363,1764337172695,sell,3053.200000,0.013000
27582364,1764337173285,buy,3052.950000,25.368000
27582365,1764337175564,buy,3052.700000,0.013000
27582366,1764337176527,sell,3053.050000,22.736000
27582367,1764337177719,buy,3053.100000,0.572000
27582368,1764337178438,buy,3053.500000,0.380000
27582369,1764337178874,buy,3054.000000,0.163000
27582370,1764337179442,buy,3054.150000,18.755000
27582371,1764337179585,buy,3054.200000,0.067000
27582372,1764337180715,buy,3054.300000,0.013000
27582373,1764337180974,buy,3054.500000,0.015000
27582374,1764337181166,buy,3055.000000,2.151000
27582375,1764337181166,buy,3055.100000,0.002000
27582376,1764337181166,buy,3055.300000,0.172000
27582377,1764337181166,buy,3055.400000,0.315000
27582378,1764337181377,buy,3055.600000,0.961000
27582379,1764337181625,sell,3055.600000,0.040000
27582380,1764337181635,sell,3055.650000,31.042000
27582381,1764337183681,sell,3055.200000,0.233000
27582382,1764337183726,sell,3055.000000,0.003000
27582383,1764337184561,sell,3055.000000,0.134000
27582384,1764337184845,sell,3054.900000,0.327000
27582385,1764337184923,buy,3054.550000,17.813000
27582386,1764337185770,buy,3054.600000,0.170000
27582387,1764337186040,buy,3055.100000,9.562000
27582388,1764337186693,buy,3055.050000,10.639000
27582389,1764337186819,sell,3055.000000,3.111000
27582390,1764337187443,sell,3055.000000,3.547000
27582391,1764337187484,buy,3055.100000,0.169000
27582392,1764337187739,sell,3055.050000,15.711000
27582393,1764337189298,buy,3054.950000,37.503000
27582394,1764337190971,buy,3055.100000,0.017000
27582395,1764337192080,sell,3055.500000,0.015000
27582396,1764337192136,sell,3054.800000,0.084000
27582397,1764337192894,sell,3054.550000,30.550000
27582398,1764337192930,sell,3054.500000,0.021000
27582399,1764337193201,sell,3054.300000,0.105000
27582400,1764337193267,sell,3054.100000,0.042000
27582401,1764337193272,sell,3053.900000,0.453000
27582402,1764337193273,sell,3053.800000,0.064000
27582403,1764337193885,sell,3053.800000,0.473000
27582404,1764337194187,sell,3053.500000,0.273000
27582405,1764337195537,buy,3054.150000,44.483000
27582406,1764337196439,sell,3054.100000,0.045000
27582407,1764337197194,sell,3054.100000,0.326000
27582408,1764337198406,sell,3054.000000,0.018000
27582409,1764337199335,sell,3053.450000,27.746000
27582410,1764337201115,buy,3053.600000,0.014000
27582411,1764337201115,buy,3053.800000,3.647000
27582412,1764337201216,buy,3053.800000,0.083000
27582413,1764337201695,sell,3054.070000,26.245000
27582414,1764337201732,buy,3054.100000,0.004000
27582415,1764337201832,sell,3054.000000,2.726000
27582416,1764337202027,buy,3054.100000,1.670000
27582417,1764337202027,buy,3054.200000,0.399000
27582418,1764337202027,buy,3054.400000,0.042000
27582419,1764337202097,buy,3054.500000,0.333000
27582420,1764337202144,buy,3054.600000,0.021000
27582421,1764337202144,buy,3054.700000,0.021000
27582422,1764337202144,buy,3054.800000,0.105000
27582423,1764337202409,buy,3054.900000,0.065000
27582424,1764337202596,buy,3055.000000,0.340000
27582425,1764337202854,buy,3055.100000,0.798000
27582426,1764337203423,buy,3055.200000,8.314000
27582427,1764337203911,buy,3055.350000,30.147000
27582428,1764337204388,buy,3055.600000,0.192000
27582429,1764337204435,buy,3055.700000,0.737000
27582430,1764337204506,buy,3055.800000,3.362000
27582431,1764337206050,sell,3055.800000,1.333000
27582432,1764337206583,sell,3055.850000,27.238000
27582433,1764337207097,buy,3055.900000,0.303000
27582434,1764337207196,buy,3056.000000,12.947000
27582435,1764337207427,buy,3056.100000,0.021000
27582436,1764337207427,buy,3056.200000,0.057000
27582437,1764337207427,buy,3056.300000,0.211000
27582438,1764337207595,buy,3056.400000,0.063000
27582439,1764337207615,buy,3056.500000,0.009000
27582440,1764337207819,buy,3056.500000,0.175000
27582441,1764337207884,buy,3056.600000,0.391000
27582442,1764337207885,buy,3056.700000,0.375000
27582443,1764337207992,buy,3056.800000,0.035000
27582444,1764337208108,buy,3057.000000,0.163000
27582445,1764337208108,buy,3057.100000,0.189000
27582446,1764337208108,buy,3057.200000,0.063000
27582447,1764337208108,buy,3057.300000,0.086000
27582448,1764337208108,buy,3057.400000,0.126000
27582449,1764337208108,buy,3057.500000,0.104000
27582450,1764337208108,buy,3057.600000,1.249000
27582451,1764337208108,sell,3056.900000,0.137000
27582452,1764337208328,sell,3057.500000,0.179000
27582453,1764337208984,buy,3057.450000,39.613000
27582454,1764337208986,sell,3057.400000,0.017000
27582455,1764337209191,buy,3057.500000,0.116000
27582456,1764337210695,sell,3056.500000,0.105000
27582457,1764337210813,sell,3056.300000,0.321000
27582458,1764337211542,buy,3057.100000,0.042000
27582459,1764337211590,buy,3057.200000,0.005000
27582460,1764337211796,buy,3057.200000,0.224000
27582461,1764337211796,buy,3057.400000,0.021000
27582462,1764337211796,buy,3057.600000,3.289000
27582463,1764337212338,sell,3057.550000,12.456000
27582464,1764337213370,sell,3057.450000,29.818000
27582465,1764337213695,buy,3057.500000,1.668000
27582466,1764337214341,sell,3057.100000,0.163000
27582467,1764337214632,sell,3057.100000,0.002000
27582468,1764337215241,buy,3057.300000,0.012000
27582469,1764337215241,buy,3057.600000,0.712000
27582470,1764337215831,buy,3057.550000,39.438000
27582471,1764337215960,sell,3057.500000,0.009000
27582472,1764337216910,sell,3057.400000,0.015000
27582473,1764337218249,sell,3057.200000,0.065000
27582474,1764337218867,sell,3057.200000,0.046000
27582475,1764337218961,buy,3057.300000,0.612000
27582476,1764337219011,sell,3057.350000,17.729000
27582477,1764337220373,sell,3057.450000,26.325000
27582478,1764337221700,buy,3057.700000,0.042000
27582479,1764337221704,buy,3057.800000,0.021000
27582480,1764337221704,buy,3057.900000,0.303000
27582481,1764337221723,buy,3058.000000,0.003000
27582482,1764337221857,buy,3058.000000,0.496000
27582483,1764337221857,buy,3058.100000,0.089000
27582484,1764337221857,buy,3058.200000,0.546000
27582485,1764337221858,buy,3058.300000,0.004000
27582486,1764337221858,buy,3058.400000,0.453000
27582487,1764337221858,buy,3058.600000,0.050000
27582488,1764337222428,buy,3058.650000,52.088000
27582489,1764337222660,buy,3058.600000,30.767000
27582490,1764337222806,buy,3058.600000,0.200000
27582491,1764337222870,sell,3058.500000,0.018000
27582492,1764337223062,sell,3057.600000,0.654000
27582493,1764337223550,buy,3057.700000,0.653000
27582494,1764337224432,sell,3057.500000,0.222000
27582495,1764337224775,sell,3057.000000,0.007000
27582496,1764337224929,sell,3056.800000,0.231000
27582497,1764337224954,sell,3056.600000,0.537000
27582498,1764337225210,sell,3056.400000,0.005000
27582499,1764337226107,sell,3056.450000,38.494000
27582500,1764337226537,sell,3056.400000,3.077000
27582501,1764337226603,sell,3056.300000,2.590000
27582502,1764337227394,sell,3056.200000,0.041000
27582503,1764337228062,sell,3056.000000,0.168000
27582504,1764337228306,buy,3055.950000,27.366000
27582505,1764337228465,sell,3055.900000,1.701000
27582506,1764337228860,sell,3055.800000,0.021000
27582507,1764337229186,sell,3055.500000,0.189000
27582508,1764337229186,sell,3055.400000,0.042000
27582509,1764337229228,sell,3055.300000,0.063000
27582510,1764337229316,sell,3055.100000,0.378000
27582511,1764337229339,sell,3054.900000,0.021000
27582512,1764337229389,sell,3054.800000,0.805000
27582513,1764337229891,sell,3054.650000,63.559000
27582514,1764337230013,sell,3054.600000,0.063000
27582515,1764337230139,sell,3054.500000,0.015000
27582516,1764337230320,sell,3054.400000,0.244000
27582517,1764337230321,sell,3054.300000,0.460000
27582518,1764337230321,sell,3054.200000,0.158000
27582519,1764337230327,sell,3054.100000,0.312000
27582520,1764337230358,sell,3054.000000,0.284000
27582521,1764337232437,buy,3054.500000,0.655000
27582522,1764337232703,sell,3054.400000,0.654000
27582523,1764337233508,buy,3054.650000,28.101000
27582524,1764337234491,sell,3054.600000,1.668000
27582525,1764337234532,buy,3054.700000,0.252000
27582526,1764337235079,buy,3055.150000,59.662000
27582527,1764337235563,sell,3055.100000,0.780000
27582528,1764337236015,sell,3055.000000,0.017000
27582529,1764337236812,sell,3054.300000,0.210000
27582530,1764337237535,sell,3054.200000,6.611000
27582531,1764337237967,buy,3053.900000,0.500000
27582532,1764337238393,sell,3053.800000,0.856000
27582533,1764337238425,sell,3053.650000,17.459000
27582534,1764337238621,sell,3053.600000,0.369000
27582535,1764337238621,sell,3053.500000,0.529000
27582536,1764337238622,sell,3053.400000,0.105000
27582537,1764337238732,sell,3053.100000,0.655000
27582538,1764337239245,sell,3053.100000,0.519000
27582539,1764337239449,sell,3053.050000,32.503000
27582540,1764337239497,sell,3053.000000,0.002000
27582541,1764337239828,sell,3052.800000,2.663000
27582542,1764337239948,sell,3052.700000,2.211000
27582543,1764337241218,sell,3052.500000,0.063000
27582544,1764337241220,sell,3052.400000,0.554000
27582545,1764337241268,sell,3052.300000,0.538000
27582546,1764337241268,sell,3052.200000,0.898000
27582547,1764337241268,sell,3052.100000,1.548000
27582548,1764337241340,buy,3052.150000,39.439000
27582549,1764337243580,sell,3052.150000,55.052000
27582550,1764337244419,buy,3052.100000,0.654000
27582551,1764337244475,sell,3052.000000,0.168000
27582552,1764337244491,sell,3051.900000,0.105000
27582553,1764337244580,sell,3051.800000,0.021000
27582554,1764337244580,sell,3051.600000,0.147000
27582555,1764337244580,sell,3051.500000,0.344000
27582556,1764337244640,sell,3051.400000,0.021000
27582557,1764337244640,sell,3051.300000,0.072000
27582558,1764337244640,sell,3051.000000,0.063000
27582559,1764337244640,sell,3050.900000,0.065000
27582560,1764337244640,sell,3050.800000,0.126000
27582561,1764337244640,sell,3050.700000,0.075000
27582562,1764337244640,sell,3050.600000,1.137000
27582563,1764337245387,sell,3051.200000,1.173000
27582564,1764337246898,buy,3051.550000,41.402000
27582565,1764337248302,buy,3051.900000,0.141000
27582566,1764337248478,sell,3051.800000,0.204000
27582567,1764337248513,buy,3051.900000,0.500000
27582568,1764337248778,sell,3051.800000,1.973000
27582569,1764337249264,sell,3051.750000,62.733000
27582570,1764337249288,sell,3051.700000,0.014000
27582571,1764337249524,sell,3051.500000,0.530000
27582572,1764337251270,sell,3051.400000,0.180000
27582573,1764337251353,sell,3051.300000,0.014000
27582574,1764337252527,sell,3050.600000,0.985000
27582575,1764337252603,sell,3050.500000,1.441000
27582576,1764337252880,buy,3050.450000,55.149000
27582577,1764337254123,sell,3050.400000,1.100000
27582578,1764337254129,sell,3050.300000,4.282000
27582579,1764337254129,sell,3050.200000,3.741000
27582580,1764337255920,sell,3050.500000,0.460000
27582581,1764337256288,sell,3050.650000,22.167000
27582582,1764337256758,buy,3050.800000,1.639000
27582583,1764337257242,buy,3050.900000,0.236000
27582584,1764337257690,buy,3050.950000,28.365000
27582585,1764337258028,buy,3051.000000,0.063000
27582586,1764337258434,buy,3051.200000,2.689000
27582587,1764337258590,buy,3051.300000,0.126000
27582588,1764337258667,sell,3051.300000,0.908000
27582589,1764337258810,buy,3051.100000,0.016000
27582590,1764337259407,buy,3051.400000,0.453000
27582591,1764337259501,sell,3051.450000,55.894000
27582592,1764337259574,buy,3051.500000,0.147000
27582593,1764337259574,buy,3051.700000,0.063000
27582594,1764337259734,buy,3051.800000,0.126000
27582595,1764337259734,buy,3052.000000,0.530000
27582596,1764337260766,sell,3051.800000,0.655000
27582597,1764337260964,buy,3051.900000,8.260000
27582598,1764337261120,buy,3051.700000,1.333000
27582599,1764337261716,sell,3051.500000,0.105000
27582600,1764337261913,sell,3051.400000,0.042000
27582601,1764337261913,sell,3051.300000,0.021000
27582602,1764337262015,sell,3051.200000,0.126000
27582603,1764337262171,sell,3051.100000,0.236000
27582604,1764337262326,sell,3051.000000,0.592000
27582605,1764337262806,buy,3050.750000,24.365000
27582606,1764337264261,buy,3050.750000,65.005000
27582607,1764337264577,sell,3050.700000,0.911000
27582608,1764337265753,buy,3051.000000,0.168000
27582609,1764337265753,buy,3051.200000,0.369000
27582610,1764337265951,buy,3051.600000,0.021000
27582611,1764337265951,buy,3051.700000,0.065000
27582612,1764337266128,buy,3051.800000,0.021000
27582613,1764337266404,buy,3051.900000,0.630000
27582614,1764337266842,buy,3052.000000,0.126000
27582615,1764337267910,buy,3052.100000,0.411000
27582616,1764337268213,sell,3052.150000,54.548000
27582617,1764337268524,sell,3052.100000,1.936000
27582618,1764337269592,sell,3052.100000,0.466000
27582619,1764337270952,sell,3051.900000,0.015000
27582620,1764337271203,sell,3051.200000,0.655000
27582621,1764337271487,buy,3051.300000,0.363000
27582622,1764337271487,buy,3051.600000,0.291000
27582623,1764337271662,buy,3051.550000,36.245000
27582624,1764337271848,sell,3051.500000,0.766000
27582625,1764337273115,buy,3051.400000,0.014000
27582626,1764337274151,sell,3051.550000,52.224000
27582627,1764337275948,buy,3051.600000,0.084000
27582628,1764337277916,buy,3051.850000,30.788000
27582629,1764337279695,buy,3051.900000,7.830000
27582630,1764337280221,sell,3051.850000,21.006000
27582631,1764337281289,buy,3052.000000,0.474000
27582632,1764337281413,buy,3052.100000,0.322000
27582633,1764337281413,buy,3052.300000,1.260000
27582634,1764337281414,buy,3052.400000,0.229000
27582635,1764337281414,buy,3052.500000,0.126000
27582636,1764337281459,buy,3052.600000,0.222000
27582637,1764337281459,buy,3052.700000,0.063000
27582638,1764337281803,buy,3052.850000,38.169000
27582639,1764337283835,buy,3052.900000,0.378000
27582640,1764337284818,sell,3053.150000,23.506000
27582641,1764337285924,sell,3053.100000,1.466000
27582642,1764337287392,sell,3053.100000,12.854000
27582643,1764337287687,sell,3053.000000,0.017000
27582644,1764337287687,sell,3052.900000,0.226000
27582645,1764337287687,sell,3052.700000,0.009000
27582646,1764337287687,sell,3052.500000,0.539000
27582647,1764337287878,sell,3052.500000,0.284000
27582648,1764337288163,sell,3052.500000,0.016000
27582649,1764337288835,buy,3052.350000,32.229000
27582650,1764337289311,buy,3052.400000,0.390000
27582651,1764337291454,sell,3052.400000,0.738000
27582652,1764337292471,sell,3052.350000,26.791000
27582653,1764337293159,sell,3052.300000,0.843000
27582654,1764337294797,sell,3052.200000,0.583000
27582655,1764337295878,buy,3052.150000,17.642000
27582656,1764337298173,sell,3051.950000,27.126000
27582657,1764337299502,sell,3051.900000,0.759000
27582658,1764337300125,sell,3051.800000,0.012000
27582659,1764337301803,buy,3052.110000,24.394000
27582660,1764337301944,buy,3052.200000,0.186000
27582661,1764337303815,sell,3052.100000,0.458000
27582662,1764337305730,sell,3051.950000,15.274000
27582663,1764337308250,buy,3052.000000,0.144000
27582664,1764337308797,buy,3051.950000,11.590000
27582665,1764337311193,sell,3051.990000,18.356000
27582666,1764337311218,sell,3051.900000,0.032000
27582667,1764337311429,buy,3052.000000,4.002000
27582668,1764337315119,buy,3051.750000,16.696000
27582669,1764337317751,sell,3051.700000,0.154000
27582670,1764337318877,sell,3051.750000,11.276000
27582671,1764337322193,buy,3051.750000,12.042000
27582672,1764337323922,sell,3051.700000,0.602000
27582673,1764337326185,sell,3051.650000,4.200000
27582674,1764337326235,sell,3051.600000,1.062000
27582675,1764337327632,sell,3051.950000,5.529000
27582676,1764337327708,sell,3051.900000,0.803000
27582677,1764337328549,sell,3051.600000,0.020000
27582678,1764337328705,sell,3051.600000,0.506000
27582679,1764337329495,buy,3051.550000,9.165000
27582680,1764337329524,buy,3051.600000,0.378000
27582681,1764337330298,buy,3051.800000,0.005000
27582682,1764337330741,buy,3052.000000,2.011000
27582683,1764337331058,buy,3052.100000,0.178000
27582684,1764337332490,sell,3052.000000,0.178000
27582685,1764337332573,sell,3052.050000,5.421000
27582686,1764337333714,buy,3052.100000,0.074000
27582687,1764337333731,buy,3052.200000,0.789000
27582688,1764337333907,buy,3052.300000,0.828000
27582689,1764337334518,sell,3052.750000,12.298000
27582690,1764337335144,sell,3052.700000,0.536000
27582691,1764337336343,sell,3052.700000,1.250000
27582692,1764337337089,buy,3052.800000,0.539000
27582693,1764337337089,buy,3052.900000,0.483000
27582694,1764337337093,buy,3053.000000,0.147000
27582695,1764337337144,buy,3053.100000,0.117000
27582696,1764337337171,buy,3053.200000,0.294000
27582697,1764337337179,buy,3053.700000,0.022000
27582698,1764337337179,buy,3054.000000,0.634000
27582699,1764337337345,buy,3054.000000,0.040000
27582700,1764337337345,buy,3054.100000,0.483000
27582701,1764337337386,buy,3054.200000,0.008000
27582702,1764337337387,buy,3054.300000,0.067000
27582703,1764337337387,buy,3054.400000,0.181000
27582704,1764337337387,buy,3054.500000,0.015000
27582705,1764337337387,buy,3054.600000,0.169000
27582706,1764337337387,buy,3054.700000,1.728000
27582707,1764337337756,buy,3054.700000,0.332000
27582708,1764337338114,buy,3055.000000,0.330000
27582709,1764337338435,buy,3054.950000,6.560000
27582710,1764337338491,buy,3055.000000,3.399000
27582711,1764337340330,buy,3054.850000,7.068000
27582712,1764337340439,buy,3054.900000,0.120000
27582713,1764337341142,sell,3054.800000,0.018000
27582714,1764337341243,sell,3054.400000,1.555000
27582715,1764337341968,sell,3054.250000,10.731000
27582716,1764337343225,buy,3054.400000,0.017000
27582717,1764337343225,buy,3054.700000,0.636000
27582718,1764337343409,sell,3054.700000,0.892000
27582719,1764337343773,buy,3054.800000,0.147000
27582720,1764337344183,sell,3054.700000,0.147000
27582721,1764337344379,buy,3054.750000,7.468000
27582722,1764337344412,buy,3054.800000,0.179000
27582723,1764337346093,sell,3054.550000,17.924000
27582724,1764337348703,sell,3054.200000,0.011000
27582725,1764337348710,sell,3054.000000,0.184000
27582726,1764337348854,sell,3053.700000,0.027000
27582727,1764337349127,sell,3053.700000,0.447000
27582728,1764337349244,sell,3053.600000,0.348000
27582729,1764337350076,buy,3053.450000,19.816000
27582730,1764337351530,sell,3053.400000,0.336000
27582731,1764337352073,sell,3053.300000,0.063000
27582732,1764337352645,sell,3053.200000,0.250000
27582733,1764337352995,sell,3053.100000,0.170000
27582734,1764337353907,sell,3053.050000,9.371000
27582735,1764337355685,buy,3053.340000,7.020000
27582736,1764337357041,sell,3053.350000,8.654000
27582737,1764337358705,buy,3053.550000,14.169000
27582738,1764337361409,sell,3053.650000,15.233000
27582739,1764337362553,buy,3053.700000,0.168000
27582740,1764337363625,sell,3053.700000,0.006000
27582741,1764337364323,buy,3053.750000,18.954000
27582742,1764337366752,sell,3053.700000,0.006000
27582743,1764337367859,sell,3054.050000,17.380000
27582744,1764337368404,buy,3054.100000,0.182000
27582745,1764337368650,buy,3054.200000,0.054000
27582746,1764337370610,buy,3054.400000,0.357000
27582747,1764337370969,buy,3054.550000,13.590000
27582748,1764337372149,buy,3054.600000,0.777000
27582749,1764337373397,sell,3054.750000,11.577000
27582750,1764337375446,buy,3054.750000,17.568000
27582751,1764337377001,buy,3054.800000,0.042000
27582752,1764337377164,buy,3054.900000,0.940000
27582753,1764337378516,sell,3054.950000,17.097000
27582754,1764337381355,buy,3054.940000,14.000000
27582755,1764337383643,sell,3054.950000,11.002000
27582756,1764337385043,sell,3054.600000,0.218000
27582757,1764337385432,buy,3054.550000,10.518000
27582758,1764337385525,sell,3054.500000,0.172000
27582759,1764337385818,sell,3054.300000,0.010000
27582760,1764337386431,sell,3054.100000,0.927000
27582761,1764337386516,sell,3054.000000,0.231000
27582762,1764337387175,sell,3053.850000,10.902000
27582763,1764337388225,sell,3053.800000,0.231000
27582764,1764337389012,buy,3053.650000,20.109000
27582765,1764337389673,sell,3053.600000,54.955000
27582766,1764337389677,sell,3053.500000,0.327000
27582767,1764337392367,sell,3053.650000,14.323000
27582768,1764337392708,buy,3053.700000,0.100000
27582769,1764337393595,sell,3053.600000,0.021000
27582770,1764337393998,sell,3053.400000,0.222000
27582771,1764337394192,sell,3053.300000,0.258000
27582772,1764337394192,sell,3053.200000,0.663000
27582773,1764337394230,sell,3053.100000,0.275000
27582774,1764337394439,sell,3053.000000,0.063000
27582775,1764337394677,sell,3052.950000,19.847000
27582776,1764337394941,buy,3053.000000,0.229000
27582777,1764337397864,buy,3053.250000,13.636000
27582778,1764337398235,buy,3053.300000,0.063000
27582779,1764337400157,buy,3053.350000,5.956000
27582780,1764337400345,buy,3053.400000,0.042000
27582781,1764337400377,buy,3053.500000,0.189000
27582782,1764337400638,buy,3053.600000,0.369000
27582783,1764337400866,buy,3053.800000,0.443000
27582784,1764337401249,sell,3053.900000,0.049000
27582785,1764337401377,sell,3053.950000,10.624000
27582786,1764337402858,sell,3053.900000,0.417000
27582787,1764337403666,buy,3053.650000,13.002000
27582788,1764337404491,sell,3053.500000,0.285000
27582789,1764337404952,sell,3053.400000,0.021000
27582790,1764337406024,sell,3053.300000,0.189000
27582791,1764337406024,sell,3053.200000,0.021000
27582792,1764337406037,sell,3053.100000,0.168000
27582793,1764337406037,sell,3053.000000,0.315000
27582794,1764337406113,sell,3052.900000,0.003000
27582795,1764337406308,sell,3052.900000,0.170000
27582796,1764337406521,sell,3052.850000,11.317000
27582797,1764337407496,sell,3052.800000,0.361000
27582798,1764337407556,sell,3052.700000,0.385000
27582799,1764337407737,sell,3052.600000,0.285000
27582800,1764337407737,sell,3052.500000,0.420000
27582801,1764337407792,sell,3052.400000,0.440000
27582802,1764337408688,buy,3052.350000,8.941000
27582803,1764337410668,sell,3052.350000,5.346000
27582804,1764337411166,sell,3052.300000,1.390000
27582805,1764337411356,sell,3052.300000,4.135000
27582806,1764337411695,sell,3052.300000,4.135000
27582807,1764337411889,buy,3052.350000,15.863000
27582808,1764337414146,sell,3052.000000,0.030000
27582809,1764337415424,sell,3052.050000,11.211000
27582810,1764337418024,sell,3052.000000,0.612000
27582811,1764337418030,sell,3051.750000,8.822000
27582812,1764337419765,buy,3051.900000,0.013000
27582813,1764337420121,buy,3052.170000,16.946000
27582814,1764337421135,buy,3052.200000,0.180000
27582815,1764337423216,sell,3052.000000,0.016000
27582816,1764337424084,sell,3051.850000,6.243000
27582817,1764337424451,buy,3051.900000,5.000000
27582818,1764337424786,sell,3051.800000,0.500000
27582819,1764337425566,sell,3051.850000,8.637000
27582820,1764337425946,buy,3052.000000,0.154000
27582821,1764337425948,buy,3052.100000,0.571000
27582822,1764337425952,buy,3052.300000,0.089000
27582823,1764337426765,sell,3052.200000,4.570000
27582824,1764337427633,buy,3052.250000,8.614000
27582825,1764337427929,sell,3052.100000,0.017000
27582826,1764337427935,sell,3051.800000,0.643000
27582827,1764337428405,sell,3051.800000,0.500000
27582828,1764337429644,sell,3051.850000,8.074000
27582829,1764337431544,buy,3051.850000,7.102000
27582830,1764337433235,sell,3051.850000,6.297000
27582831,1764337433732,buy,3051.900000,0.002000
27582832,1764337434790,buy,3051.850000,15.557000
27582833,1764337438285,buy,3051.700000,0.009000
27582834,1764337438641,sell,3051.650000,4.413000
27582835,1764337439860,sell,3051.650000,14.668000
27582836,1764337441103,buy,3051.800000,0.185000
27582837,1764337441208,buy,3051.900000,0.181000
27582838,1764337441445,buy,3052.100000,0.182000
27582839,1764337441445,buy,3052.200000,0.600000
27582840,1764337441445,buy,3052.300000,0.175000
27582841,1764337441723,buy,3052.400000,0.858000
27582842,1764337442148,buy,3052.400000,6.859000
27582843,1764337443268,sell,3052.400000,3.418000
27582844,1764337443838,buy,3052.450000,10.813000
27582845,1764337446879,sell,3052.050000,6.042000
27582846,1764337448504,buy,3052.050000,3.973000
27582847,1764337449270,sell,3052.000000,0.336000
27582848,1764337449610,sell,3052.050000,7.132000
27582849,1764337451506,sell,3052.000000,1.929000
27582850,1764337451506,sell,3051.900000,8.071000
27582851,1764337451806,buy,3052.050000,9.220000
27582852,1764337454628,sell,3052.050000,4.377000
27582853,1764337456113,sell,3052.050000,10.267000
27582854,1764337459734,buy,3052.050000,10.422000
27582855,1764337463329,sell,3052.050000,9.336000
27582856,1764337466584,buy,3052.050000,3.275000
27582857,1764337467555,buy,3052.100000,0.404000
27582858,1764337468117,buy,3052.270000,3.864000
27582859,1764337469985,buy,3052.300000,5.278000
27582860,1764337470347,buy,3052.300000,0.172000
27582861,1764337470364,buy,3052.400000,0.944000
27582862,1764337471799,buy,3052.500000,0.025000
27582863,1764337472564,sell,3052.450000,2.887000
27582864,1764337473968,sell,3052.400000,3.490000
27582865,1764337475784,buy,3052.490000,6.342000
27582866,1764337478149,buy,3052.500000,0.026000
27582867,1764337479150,sell,3052.500000,3.369000
27582868,1764337479935,buy,3052.500000,0.025000
27582869,1764337481021,sell,3052.500000,3.007000
27582870,1764337482288,sell,3052.400000,0.322000
27582871,1764337482674,buy,3052.350000,6.309000
27582872,1764337482970,buy,3052.400000,0.278000
27582873,1764337483057,buy,3052.500000,0.239000
27582874,1764337486389,sell,3052.500000,1.648000
27582875,1764337487473,sell,3052.500000,6.071000
27582876,1764337491365,buy,3052.500000,4.785000
27582877,1764337493299,buy,3052.600000,0.213000
27582878,1764337493319,buy,3052.800000,0.042000
27582879,1764337494364,sell,3052.850000,5.866000
27582880,1764337496266,buy,3052.900000,0.355000
27582881,1764337497850,buy,3052.950000,7.371000
27582882,1764337499244,buy,3053.000000,5.735000
27582883,1764337499325,buy,3053.300000,0.004000
27582884,1764337499449,buy,3053.300000,0.951000
27582885,1764337501834,sell,3053.650000,4.768000
27582886,1764337503954,buy,3053.750000,7.706000
27582887,1764337504109,buy,3053.800000,0.107000
27582888,1764337504546,buy,3053.900000,0.021000
27582889,1764337504649,buy,3054.100000,2.619000
27582890,1764337504709,buy,3054.200000,1.368000
27582891,1764337504730,buy,3054.300000,0.013000
27582892,1764337504730,buy,3054.400000,0.021000
27582893,1764337504730,buy,3054.500000,0.063000
27582894,1764337504730,buy,3055.000000,0.042000
27582895,1764337504730,buy,3055.400000,0.232000
27582896,1764337504871,buy,3055.400000,0.328000
27582897,1764337505800,buy,3055.400000,0.950000
27582898,1764337507346,sell,3055.550000,7.710000
27582899,1764337507594,sell,3055.500000,1.782000
27582900,1764337509141,buy,3055.500000,3.418000
27582901,1764337510458,buy,3055.470000,8.527000
27582902,1764337513394,sell,3055.400000,0.200000
27582903,1764337513763,sell,3055.250000,10.180000
27582904,1764337515858,buy,3055.300000,0.500000
27582905,1764337516121,sell,3055.200000,1.000000
27582906,1764337516726,sell,3055.100000,0.011000
27582907,1764337517591,buy,3055.250000,7.398000
27582908,1764337520000,buy,3055.300000,1.056000
27582909,1764337520073,sell,3055.220000,3.662000
27582910,1764337521233,buy,3055.550000,8.076000
27582911,1764337523818,sell,3055.550000,9.020000
27582912,1764337526693,buy,3055.550000,4.169000
27582913,1764337526855,buy,3055.600000,2.734000
27582914,1764337528062,sell,3055.550000,7.846000
27582915,1764337530211,buy,3055.800000,1.966000
27582916,1764337530571,buy,3055.950000,6.313000
27582917,1764337530873,buy,3056.000000,0.173000
27582918,1764337532471,sell,3056.050000,8.935000
27582919,1764337532615,sell,3056.000000,0.017000
27582920,1764337534987,buy,3055.750000,6.410000
27582921,1764337536765,buy,3055.750000,4.854000
27582922,1764337538134,sell,3055.780000,11.276000
27582923,1764337540249,buy,3055.900000,2.931000
27582924,1764337541249,buy,3055.820000,13.655000
27582925,1764337543535,sell,3055.800000,1.226000
27582926,1764337544398,buy,3055.800000,1.718000
27582927,1764337545012,sell,3055.750000,8.148000
27582928,1764337547218,buy,3055.770000,10.514000
27582929,1764337550022,sell,3055.770000,5.264000
27582930,1764337551433,sell,3056.150000,5.891000
27582931,1764337551870,sell,3056.100000,4.876000
27582932,1764337552015,buy,3056.200000,0.802000
27582933,1764337552260,buy,3056.300000,0.689000
27582934,1764337552262,buy,3056.400000,0.189000
27582935,1764337553001,buy,3056.450000,7.131000
27582936,1764337554208,buy,3056.500000,0.051000
27582937,1764337554872,sell,3056.550000,13.849000
27582938,1764337557021,buy,3056.600000,0.284000
27582939,1764337557333,buy,3056.700000,0.483000
27582940,1764337558010,buy,3056.900000,0.697000
27582941,1764337558014,buy,3057.000000,0.604000
27582942,1764337558077,sell,3057.000000,0.041000
27582943,1764337558413,buy,3057.050000,4.363000
27582944,1764337559107,buy,3057.100000,1.936000
27582945,1764337559365,sell,3057.000000,0.325000
27582946,1764337559478,buy,3056.950000,8.398000
27582947,1764337561582,sell,3056.850000,6.364000
27582948,1764337563279,buy,3056.850000,10.449000
27582949,1764337566081,sell,3056.850000,7.708000
27582950,1764337568317,buy,3057.200000,0.388000
27582951,1764337568338,buy,3057.250000,4.607000
27582952,1764337568401,buy,3057.300000,1.537000
27582953,1764337569590,sell,3057.350000,6.317000
27582954,1764337569911,buy,3057.400000,0.003000
27582955,1764337571284,buy,3057.350000,11.187000
27582956,1764337573893,buy,3057.400000,0.081000
27582957,1764337573932,buy,3057.500000,0.003000
27582958,1764337574194,sell,3057.450000,13.758000
27582959,1764337575487,buy,3057.500000,0.018000
27582960,1764337575530,buy,3057.600000,0.015000
27582961,1764337575963,buy,3057.800000,1.011000
27582962,1764337576186,buy,3057.900000,0.014000
27582963,1764337576186,buy,3058.000000,0.249000
27582964,1764337576186,buy,3058.100000,0.002000
27582965,1764337576188,buy,3058.200000,0.399000
27582966,1764337576188,buy,3058.300000,0.084000
27582967,1764337576188,buy,3058.400000,0.021000
27582968,1764337576225,buy,3058.700000,2.977000
27582969,1764337576227,buy,3058.800000,0.102000
27582970,1764337576231,buy,3058.900000,0.919000
27582971,1764337576318,buy,3059.000000,0.004000
27582972,1764337576318,buy,3059.100000,0.084000
27582973,1764337576318,buy,3059.300000,0.016000
27582974,1764337576318,buy,3059.600000,0.050000
27582975,1764337576503,buy,3059.000000,0.003000
27582976,1764337577748,buy,3058.450000,10.607000
27582977,1764337578476,buy,3058.600000,0.018000
27582978,1764337579685,sell,3059.150000,9.077000
27582979,1764337581292,buy,3059.150000,7.366000
27582980,1764337582520,sell,3059.050000,19.888000
27582981,1764337583610,buy,3059.100000,0.641000
27582982,1764337583724,buy,3059.100000,1.448000
27582983,1764337585506,buy,3059.550000,26.168000
27582984,1764337585518,buy,3059.600000,0.175000
27582985,1764337585601,buy,3059.800000,0.067000
27582986,1764337585678,buy,3059.900000,1.000000
27582987,1764337585743,buy,3060.000000,4.633000
27582988,1764337585870,buy,3060.000000,3.027000
27582989,1764337585938,buy,3060.100000,0.013000
27582990,1764337585960,buy,3060.300000,0.042000
27582991,1764337585960,buy,3060.400000,0.327000
27582992,1764337585960,buy,3060.500000,0.531000
27582993,1764337585960,buy,3060.600000,0.065000
27582994,1764337585960,buy,3060.700000,0.021000
27582995,1764337585960,buy,3060.800000,0.004000
27582996,1764337585960,buy,3060.900000,0.042000
27582997,1764337585960,buy,3061.000000,0.130000
27582998,1764337586183,sell,3060.900000,0.170000
27582999,1764337586555,sell,3060.900000,0.002000
27583000,1764337587223,buy,3061.000000,0.125000
27583001,1764337587472,sell,3060.900000,2.391000
27583002,1764337588656,sell,3060.200000,0.554000
27583003,1764337588899,sell,3060.050000,38.611000
27583004,1764337590246,sell,3060.000000,3.420000
27583005,1764337590653,buy,3060.400000,0.014000
27583006,1764337592388,buy,3060.500000,0.004000
27583007,1764337592410,sell,3060.900000,0.040000
27583008,1764337592461,buy,3060.950000,32.827000
27583009,1764337593355,buy,3061.000000,1.371000
27583010,1764337594419,buy,3061.200000,17.772000
27583011,1764337594818,buy,3061.300000,0.042000
27583012,1764337594832,buy,3061.400000,0.021000
27583013,1764337595444,sell,3061.500000,0.002000
27583014,1764337595444,buy,3061.600000,0.011000
27583015,1764337595488,sell,3061.550000,15.551000
27583016,1764337596033,sell,3061.500000,0.002000
27583017,1764337596539,sell,3061.400000,0.076000
27583018,1764337596706,sell,3061.400000,0.057000
27583019,1764337596829,buy,3061.450000,40.655000
27583020,1764337597496,sell,3061.400000,1.500000
27583021,1764337600298,sell,3060.950000,26.688000
27583022,1764337601009,buy,3061.000000,2.310000
27583023,1764337602583,sell,3061.050000,45.882000
27583024,1764337602599,buy,3061.100000,7.540000
27583025,1764337604375,buy,3061.600000,0.080000
27583026,1764337604815,sell,3061.600000,1.751000
27583027,1764337605504,buy,3061.700000,2.835000
27583028,1764337606524,buy,3061.650000,34.923000
27583029,1764337608650,sell,3061.600000,0.230000
27583030,1764337609230,buy,3061.670000,21.518000
27583031,1764337609974,sell,3061.400000,8.078000
27583032,1764337610214,sell,3061.400000,6.189000
27583033,1764337610466,sell,3061.400000,7.540000
27583034,1764337610757,sell,3061.400000,7.540000
27583035,1764337610902,sell,3061.450000,19.345000
27583036,1764337610904,sell,3061.400000,9.694000
27583037,1764337611530,sell,3061.200000,0.894000
27583038,1764337612394,buy,3061.050000,25.195000
27583039,1764337612509,sell,3061.000000,1.823000
27583040,1764337612811,sell,3060.900000,0.172000
27583041,1764337614278,sell,3060.850000,17.006000
27583042,1764337615554,sell,3060.850000,25.927000
27583043,1764337615653,sell,3060.800000,0.040000
27583044,1764337616022,sell,3060.800000,0.494000
27583045,1764337616126,sell,3060.800000,0.613000
27583046,1764337617516,buy,3060.750000,32.389000
27583047,1764337619376,sell,3060.700000,1.800000
27583048,1764337619943,sell,3060.790000,47.167000
27583049,1764337621743,buy,3061.200000,0.855000
27583050,1764337621921,sell,3061.200000,0.329000
27583051,1764337623509,buy,3060.930000,22.185000
27583052,1764337624142,sell,3060.800000,2.276000
27583053,1764337625193,buy,3060.850000,27.788000
27583054,1764337627277,sell,3061.050000,26.217000
27583055,1764337627602,sell,3061.000000,0.284000
27583056,1764337627842,sell,3060.900000,0.638000
27583057,1764337629222,buy,3060.900000,42.435000
27583058,1764337630686,sell,3060.700000,1.311000
27583059,1764337631808,buy,3060.800000,0.125000
27583060,1764337631854,sell,3060.700000,0.008000
27583061,1764337632453,sell,3060.750000,46.540000
27583062,1764337635826,buy,3060.740000,30.943000
27583063,1764337636267,buy,3060.800000,0.003000
27583064,1764337636509,sell,3060.700000,0.002000
27583065,1764337636770,buy,3060.800000,0.066000
27583066,1764337638068,sell,3061.050000,30.473000
27583067,1764337638460,buy,3061.200000,0.002000
27583068,1764337638625,buy,3061.300000,0.004000
27583069,1764337638876,buy,3061.300000,0.002000
27583070,1764337639262,buy,3061.400000,2.558000
27583071,1764337639650,buy,3061.500000,0.210000
27583072,1764337639650,buy,3061.600000,0.764000
27583073,1764337639650,buy,3061.700000,0.084000
27583074,1764337639909,sell,3061.700000,0.040000
27583075,1764337639913,buy,3061.800000,0.063000
27583076,1764337640640,buy,3061.650000,28.407000
27583077,1764337640795,buy,3061.700000,27.081000
27583078,1764337643017,buy,3062.000000,3.557000
27583079,1764337643029,sell,3062.050000,36.838000
27583080,1764337643067,buy,3062.100000,0.050000
27583081,1764337643078,buy,3062.200000,0.161000
27583082,1764337643100,buy,3062.300000,0.908000
27583083,1764337643104,buy,3062.400000,0.084000
27583084,1764337643104,buy,3062.500000,1.018000
27583085,1764337643202,buy,3062.600000,0.581000
27583086,1764337643203,buy,3062.700000,0.454000
27583087,1764337643217,buy,3062.800000,0.264000
27583088,1764337643217,buy,3062.900000,0.084000
27583089,1764337643217,buy,3063.000000,0.128000
27583090,1764337643217,buy,3063.200000,0.113000
27583091,1764337643217,buy,3063.300000,0.025000
27583092,1764337643217,buy,3063.400000,0.297000
27583093,1764337643217,buy,3063.600000,0.084000
27583094,1764337643218,buy,3063.700000,0.440000
27583095,1764337643218,buy,3063.800000,9.041000
27583096,1764337643285,buy,3064.000000,0.827000
27583097,1764337643459,buy,3064.000000,1.300000
27583098,1764337643552,buy,3064.200000,0.164000
27583099,1764337643821,buy,3064.500000,0.730000
27583100,1764337644104,buy,3064.600000,0.555000
27583101,1764337644315,buy,3064.600000,1.411000
27583102,1764337644368,buy,3064.700000,0.005000
27583103,1764337644368,buy,3064.800000,0.087000
27583104,1764337644368,buy,3064.900000,1.653000
27583105,1764337644368,buy,3065.000000,2.390000
27583106,1764337644373,sell,3064.900000,0.326000
27583107,1764337644479,buy,3065.000000,3.450000
27583108,1764337644491,buy,3065.200000,0.314000
27583109,1764337644491,buy,3065.300000,0.084000
27583110,1764337644491,buy,3065.400000,0.347000
27583111,1764337644491,buy,3065.500000,6.895000
27583112,1764337644619,buy,3065.500000,0.220000
27583113,1764337645120,buy,3065.600000,0.961000
27583114,1764337645154,buy,3065.700000,0.003000
27583115,1764337645154,sell,3065.600000,0.048000
27583116,1764337645172,buy,3065.800000,0.105000
27583117,1764337645180,buy,3065.900000,0.057000
27583118,1764337645180,buy,3066.000000,0.083000
27583119,1764337645327,buy,3066.000000,0.001000
27583120,1764337645333,buy,3066.100000,0.315000
27583121,1764337645333,buy,3066.200000,0.071000
27583122,1764337645360,buy,3066.300000,0.095000
27583123,1764337645360,buy,3066.400000,0.021000
27583124,1764337645360,buy,3066.500000,0.011000
27583125,1764337645360,buy,3066.600000,0.042000
27583126,1764337645360,buy,3066.900000,0.009000
27583127,1764337645360,buy,3067.000000,0.782000
27583128,1764337645717,buy,3066.700000,0.090000
27583129,1764337646085,buy,3066.700000,0.580000
27583130,1764337646192,buy,3066.550000,39.750000
27583131,1764337647800,buy,3066.700000,0.015000
27583132,1764337647889,buy,3067.200000,0.050000
27583133,1764337648105,buy,3067.400000,1.536000
27583134,1764337648618,buy,3067.400000,0.021000
27583135,1764337648618,buy,3067.600000,0.964000
27583136,1764337648808,buy,3067.600000,1.600000
27583137,1764337648852,buy,3067.800000,0.004000
27583138,1764337648852,buy,3067.900000,0.120000
27583139,1764337648853,buy,3068.000000,0.085000
27583140,1764337648853,buy,3068.100000,0.108000
27583141,1764337648853,buy,3068.200000,0.213000
27583142,1764337648853,buy,3068.300000,0.004000
27583143,1764337648853,buy,3068.500000,0.008000
27583144,1764337648853,buy,3068.600000,1.098000
27583145,1764337649109,sell,3068.600000,0.013000
27583146,1764337649170,sell,3068.650000,47.331000
27583147,1764337649343,sell,3068.600000,0.006000
27583148,1764337649439,buy,3068.700000,0.005000
27583149,1764337649591,sell,3068.800000,0.012000
27583150,1764337649757,sell,3068.800000,0.006000
27583151,1764337649937,sell,3068.000000,0.055000
27583152,1764337650102,sell,3068.000000,0.023000
27583153,1764337650121,sell,3068.600000,0.003000
27583154,1764337650291,sell,3068.100000,0.003000
27583155,1764337650302,buy,3068.200000,0.124000
27583156,1764337650337,sell,3068.100000,0.048000
27583157,1764337650455,sell,3068.100000,0.042000
27583158,1764337650632,sell,3068.100000,0.078000
27583159,1764337650695,buy,3068.200000,0.018000
27583160,1764337650696,sell,3068.100000,0.003000
27583161,1764337650703,sell,3068.300000,0.010000
27583162,1764337650818,sell,3068.300000,0.004000
27583163,1764337650972,sell,3068.300000,0.004000
27583164,1764337650992,buy,3068.400000,0.007000
27583165,1764337651023,sell,3068.800000,0.414000
27583166,1764337651143,sell,3068.800000,0.045000
27583167,1764337651315,buy,3068.900000,1.466000
27583168,1764337651319,sell,3068.800000,0.006000
27583169,1764337651386,buy,3068.900000,0.614000
27583170,1764337651386,buy,3069.000000,1.482000
27583171,1764337651386,buy,3069.100000,0.174000
27583172,1764337651386,buy,3069.200000,0.050000
27583173,1764337651386,buy,3069.300000,3.993000
27583174,1764337651386,buy,3069.400000,23.617000
27583175,1764337651386,buy,3069.500000,2.658000
27583176,1764337651392,sell,3068.900000,0.004000
27583177,1764337651406,sell,3069.300000,0.011000
27583178,1764337651513,sell,3069.300000,0.006000
27583179,1764337651658,sell,3069.300000,0.012000
27583180,1764337651766,sell,3069.300000,0.016000
27583181,1764337651842,sell,3069.100000,0.015000
27583182,1764337651854,sell,3069.000000,0.004000
27583183,1764337651877,buy,3069.100000,2.663000
27583184,1764337651926,sell,3068.700000,0.016000
27583185,1764337651997,sell,3068.500000,1.009000
27583186,1764337652109,sell,3068.500000,0.014000
27583187,1764337652182,sell,3068.300000,0.031000
27583188,1764337652315,buy,3068.350000,18.976000
27583189,1764337652341,sell,3068.300000,0.074000
27583190,1764337652455,sell,3068.300000,0.022000
27583191,1764337652617,sell,3068.300000,0.009000
27583192,1764337652744,sell,3068.300000,0.593000
27583193,1764337652870,sell,3068.000000,0.310000
27583194,1764337653028,sell,3068.000000,0.450000
27583195,1764337653214,sell,3068.000000,0.200000
27583196,1764337653280,sell,3068.100000,0.098000
27583197,1764337653372,buy,3068.150000,73.109000
27583198,1764337653379,sell,3068.100000,0.443000
27583199,1764337653563,sell,3068.100000,0.148000
27583200,1764337653566,buy,3068.200000,0.017000
27583201,1764337653568,sell,3068.700000,0.080000
27583202,1764337653679,sell,3068.700000,0.003000
27583203,1764337653713,buy,3068.800000,0.003000
27583204,1764337653722,sell,3068.700000,0.107000
27583205,1764337653903,sell,3068.700000,0.058000
27583206,1764337654025,sell,3068.700000,0.018000
27583207,1764337654159,sell,3068.700000,0.014000
27583208,1764337654368,sell,3068.700000,0.033000
27583209,1764337654513,sell,3068.700000,0.086000
27583210,1764337654713,sell,3068.700000,0.455000
27583211,1764337654857,sell,3068.700000,0.005000
27583212,1764337654919,buy,3068.800000,0.001000
27583213,1764337654926,sell,3068.700000,0.161000
27583214,1764337655062,sell,3068.700000,0.111000
27583215,1764337655197,sell,3068.700000,0.156000
27583216,1764337655300,sell,3068.700000,0.010000
27583217,1764337655409,sell,3068.700000,0.030000
27583218,1764337655542,sell,3068.700000,0.016000
27583219,1764337655647,sell,3068.700000,0.004000
27583220,1764337655816,sell,3068.700000,0.008000
27583221,1764337655895,buy,3068.800000,0.017000
27583222,1764337655950,sell,3068.800000,0.004000
27583223,1764337656102,buy,3068.900000,0.042000
27583224,1764337657177,sell,3069.000000,0.022000
27583225,1764337657348,sell,3068.800000,1.630000
27583226,1764337657399,sell,3068.450000,45.765000
27583227,1764337658301,buy,3069.200000,0.147000
27583228,1764337658843,buy,3069.500000,0.054000
27583229,1764337658855,buy,3069.600000,0.065000
27583230,1764337658925,buy,3069.700000,0.105000
27583231,1764337659053,buy,3069.800000,0.318000
27583232,1764337659124,buy,3069.900000,0.414000
27583233,1764337659128,buy,3070.000000,4.645000
27583234,1764337659128,buy,3070.100000,0.107000
27583235,1764337659128,buy,3070.200000,0.224000
27583236,1764337659128,buy,3070.300000,0.204000
27583237,1764337659128,buy,3070.400000,0.127000
27583238,1764337659261,sell,3070.400000,3.494000
27583239,1764337659357,buy,3070.500000,0.020000
27583240,1764337659470,buy,3070.500000,0.127000
27583241,1764337659470,buy,3070.600000,1.987000
27583242,1764337659514,buy,3070.700000,0.147000
27583243,1764337659514,buy,3070.800000,0.050000
27583244,1764337659514,buy,3071.000000,0.113000
27583245,1764337659841,sell,3070.950000,28.469000
27583246,1764337659856,buy,3071.000000,0.848000
