id,unix_timestamp_ms,side,price,quantity
15621561,1764325856588,buy,895.150000,1.100000
15621562,1764325859722,sell,895.150000,1.610000
15621563,1764325864504,buy,895.142000,1.880000
15621564,1764325868862,sell,895.142000,1.540000
15621565,1764325872671,buy,895.142000,1.040000
15621566,1764325875302,sell,895.142000,0.590000
15621567,1764325876667,buy,895.142000,1.970000
15621568,1764325881200,sell,895.142000,1.380000
15621569,1764325883630,buy,895.200000,0.120000
15621570,1764325883630,buy,895.200000,2.190000
15621571,1764325883643,buy,895.200000,2.310000
15621572,1764325883717,buy,895.200000,0.500000
15621573,1764325884275,sell,895.350000,1.420000
15621574,1764325887253,buy,895.350000,1.840000
15621575,1764325890589,sell,895.350000,0.790000
15621576,1764325891872,sell,895.350000,2.670000
15621577,1764325894996,buy,895.400000,0.470000
15621578,1764325895936,buy,895.400000,4.530000
15621579,1764325895936,buy,895.400000,0.480000
15621580,1764325895937,buy,895.400000,0.040000
15621581,1764325896217,buy,895.500000,0.380000
15621582,1764325896217,buy,895.500000,0.380000
15621583,1764325896218,buy,895.500000,0.070000
15621584,1764325896285,buy,895.450000,2.920000
15621585,1764325896680,buy,895.500000,0.390000
15621586,1764325896680,buy,895.500000,0.190000
15621587,1764325900232,sell,895.550000,3.270000
15621588,1764325904643,buy,895.550000,3.650000
15621589,1764325906384,sell,895.500000,2.310000
15621590,1764325909433,sell,895.500000,1.390000
15621591,1764325911216,buy,895.500000,1.000000
15621592,1764325912511,sell,895.500000,1.990000
15621593,1764325912730,buy,895.500000,0.010000
15621594,1764325915072,buy,895.500000,1.200000
15621595,1764325916739,buy,895.490000,1.780000
15621596,1764325919779,sell,895.550000,1.550000
15621597,1764325922307,buy,895.550000,1.690000
15621598,1764325925032,buy,895.600000,2.300000
15621599,1764325925146,sell,895.550000,2.640000
15621600,1764325930066,buy,895.503000,2.220000
15621601,1764325933695,sell,895.503000,3.040000
15621602,1764325938645,buy,895.503000,1.730000
15621603,1764325941739,buy,895.503000,1.220000
15621604,1764325943866,sell,895.503000,0.930000
15621605,1764325945608,sell,895.503000,1.160000
15621606,1764325947718,buy,895.503000,1.310000
15621607,1764325950533,sell,895.503000,1.030000
15621608,1764325953173,buy,895.503000,0.810000
15621609,1764325955717,buy,895.503000,0.350000
15621610,1764325957218,sell,895.503000,0.440000
15621611,1764325959114,buy,895.503000,0.540000
15621612,1764325961461,sell,895.503000,0.840000
15621613,1764325965327,buy,895.503000,0.800000
15621614,1764325968808,sell,895.500000,5.000000
15621615,1764325969127,sell,895.503000,0.810000
15621616,1764325973584,buy,895.503000,0.820000
15621617,1764325978076,sell,895.503000,0.960000
15621618,1764325982515,buy,895.503000,0.880000
15621619,1764325984160,buy,895.600000,0.010000
15621620,1764325986936,sell,895.560000,0.760000
15621621,1764325989962,buy,895.574000,0.990000
15621622,1764325993890,sell,895.574000,1.260000
15621623,1764325998138,buy,895.600000,5.000000
15621624,1764325998842,buy,895.574000,1.210000
15621625,1764326000760,sell,895.500000,2.350000
15621626,1764326002973,sell,895.550000,0.610000
15621627,1764326005063,buy,895.517000,0.930000
15621628,1764326008204,sell,895.517000,1.030000
15621629,1764326010027,buy,895.600000,13.940000
15621630,1764326010027,buy,895.600000,0.010000
15621631,1764326010027,buy,895.600000,0.810000
15621632,1764326010027,buy,895.600000,0.710000
15621633,1764326010061,buy,895.700000,0.010000
15621634,1764326010061,buy,895.800000,0.390000
15621635,1764326010062,buy,895.800000,0.100000
15621636,1764326010062,buy,895.800000,0.290000
15621637,1764326010062,buy,895.800000,0.400000
15621638,1764326010063,buy,895.800000,0.400000
15621639,1764326011676,buy,895.750000,2.470000
15621640,1764326012582,buy,895.800000,1.690000
15621641,1764326012582,buy,895.800000,0.190000
15621642,1764326015095,buy,895.900000,0.560000
15621643,1764326015900,sell,895.850000,1.610000
15621644,1764326017906,buy,895.900000,1.080000
15621645,1764326017906,buy,895.900000,0.620000
15621646,1764326017906,buy,895.900000,2.490000
15621647,1764326018804,sell,895.950000,1.620000
15621648,1764326021416,buy,895.950000,1.830000
15621649,1764326024368,sell,895.950000,1.190000
15621650,1764326026276,buy,895.950000,2.540000
15621651,1764326030390,sell,895.950000,2.350000
15621652,1764326034154,buy,895.950000,0.950000
15621653,1764326035695,sell,895.950000,2.970000
15621654,1764326038344,sell,895.900000,0.010000
15621655,1764326040600,buy,895.950000,0.760000
15621656,1764326041859,buy,895.950000,2.340000
15621657,1764326045760,sell,895.950000,1.480000
15621658,1764326047304,buy,896.000000,0.010000
15621659,1764326047304,buy,896.000000,0.610000
15621660,1764326047304,buy,896.000000,0.100000
8858145,1764326052323,sell,896.050000,2.020000
8858146,1764326053629,buy,896.100000,4.960000
8858147,1764326056062,sell,896.000000,0.050000
8858148,1764326056226,buy,896.050000,1.570000
8858149,1764326058983,sell,896.005000,1.230000
8858150,1764326061300,buy,896.020000,1.550000
8858151,1764326064337,sell,896.050000,1.740000
8858152,1764326067656,buy,896.050000,1.270000
8858153,1764326067892,sell,896.000000,5.040000
8858154,1764326069736,buy,896.000000,4.460000
8858155,1764326070075,sell,895.970000,0.340000
8858156,1764326071319,buy,896.000000,5.000000
8858157,1764326071396,sell,895.970000,1.100000
8858158,1764326075564,buy,895.966000,0.960000
8858159,1764326079162,sell,895.938000,0.370000
8858160,1764326081001,buy,895.935000,0.660000
8858161,1764326084246,sell,896.050000,0.790000
8858162,1764326087352,buy,896.050000,0.400000
8858163,1764326088960,sell,896.050000,1.260000
8858164,1764326093836,buy,896.050000,0.520000
8858165,1764326095896,buy,895.944000,1.260000
8858166,1764326100572,sell,895.550000,0.860000
8858167,1764326102362,sell,895.500000,0.080000
8858168,1764326103036,sell,895.500000,14.270000
8858169,1764326103132,sell,895.100000,1.190000
8858170,1764326103204,buy,895.150000,0.960000
8858171,1764326105728,sell,895.150000,1.680000
8858172,1764326110398,buy,895.450000,1.840000
8858173,1764326111154,buy,895.500000,5.000000
8858174,1764326115292,sell,895.351000,0.390000
8858175,1764326115360,buy,895.400000,5.000000
8858176,1764326116545,sell,895.500000,1.600000
8858177,1764326121163,buy,895.550000,1.050000
8858178,1764326122206,buy,895.600000,3.920000
8858179,1764326124237,sell,895.550000,0.510000
8858180,1764326125635,sell,895.500000,0.150000
8858181,1764326125766,buy,895.550000,0.820000
8858182,1764326128253,sell,895.550000,0.990000
8858183,1764326131376,buy,895.550000,0.590000
8858184,1764326133260,sell,895.441000,1.000000
8858185,1764326135782,buy,895.441000,0.960000
8858186,1764326138244,buy,895.400000,1.460000
8858187,1764326141947,sell,895.328000,0.940000
8858188,1764326144626,sell,895.450000,1.300000
8858189,1764326147421,buy,895.450000,0.560000
8858190,1764326148633,buy,895.450000,1.070000
8858191,1764326150980,sell,895.450000,1.690000
8858192,1764326154667,buy,895.450000,2.110000
8858193,1764326159279,sell,895.350000,1.610000
8858194,1764326163435,buy,895.250000,0.470000
8858195,1764326165062,sell,895.250000,1.240000
8858196,1764326169342,buy,895.208000,0.750000
8858197,1764326171952,buy,895.350000,1.220000
8858198,1764326176108,sell,895.350000,1.300000
8858199,1764326180802,buy,895.268000,1.440000
8858200,1764326183679,sell,895.269000,1.790000
8858201,1764326187206,buy,895.150000,2.060000
15621664,1764326053629,buy,896.100000,2.500000
15621665,1764326053637,buy,896.100000,2.450000
15621666,1764326056062,sell,896.000000,0.050000
15621667,1764326056226,buy,896.050000,1.570000
15621668,1764326058983,sell,896.005000,1.230000
15621669,1764326061300,buy,896.020000,1.550000
15621670,1764326064337,sell,896.050000,1.740000
15621671,1764326067656,buy,896.050000,1.270000
15621672,1764326067892,sell,896.000000,2.520000
15621673,1764326067902,sell,896.000000,2.520000
15621674,1764326069736,buy,896.000000,4.460000
15621675,1764326070075,sell,895.970000,0.340000
15621676,1764326071319,buy,896.000000,0.620000
15621677,1764326071319,buy,896.000000,1.390000
15621678,1764326071319,buy,896.000000,2.990000
15621679,1764326071396,sell,895.970000,1.100000
15621680,1764326075564,buy,895.966000,0.960000
15621681,1764326079162,sell,895.938000,0.370000
15621682,1764326081001,buy,895.935000,0.660000
15621683,1764326084246,sell,896.050000,0.790000
15621684,1764326087352,buy,896.050000,0.400000
15621685,1764326088960,sell,896.050000,1.260000
15621686,1764326093836,buy,896.050000,0.520000
15621687,1764326095896,buy,895.944000,1.260000
15621688,1764326100572,sell,895.550000,0.860000
15621689,1764326102362,sell,895.500000,0.080000
15621690,1764326103036,sell,895.500000,0.010000
15621691,1764326103097,sell,895.500000,13.310000
15621692,1764326103097,sell,895.500000,0.620000
15621693,1764326103099,sell,895.500000,0.330000
15621694,1764326103132,sell,895.100000,0.380000
15621695,1764326103132,sell,895.100000,0.160000
15621696,1764326103132,sell,895.100000,0.080000
15621697,1764326103132,sell,895.100000,0.150000
15621698,1764326103132,sell,895.100000,0.420000
15621699,1764326103204,buy,895.150000,0.960000
15621700,1764326105728,sell,895.150000,1.680000
15621701,1764326110398,buy,895.450000,1.840000
15621702,1764326111154,buy,895.500000,1.710000
15621703,1764326111154,buy,895.500000,0.620000
15621704,1764326111154,buy,895.500000,1.110000
15621705,1764326111154,buy,895.500000,1.560000
15621706,1764326115292,sell,895.351000,0.390000
15621707,1764326115360,buy,895.400000,4.530000
15621708,1764326115360,buy,895.400000,0.470000
15621709,1764326116545,sell,895.500000,1.600000
15621710,1764326121163,buy,895.550000,1.050000
15621711,1764326122206,buy,895.600000,1.110000
15621712,1764326122206,buy,895.600000,0.620000
15621713,1764326122206,buy,895.600000,1.390000
15621714,1764326122207,buy,895.600000,0.800000
15621715,1764326124237,sell,895.550000,0.510000
15621716,1764326125635,sell,895.500000,0.150000
15621717,1764326125766,buy,895.550000,0.820000
15621718,1764326128253,sell,895.550000,0.990000
15621719,1764326131376,buy,895.550000,0.590000
15621720,1764326133260,sell,895.441000,1.000000
15621721,1764326135782,buy,895.441000,0.960000
15621722,1764326138244,buy,895.400000,1.460000
15621723,1764326141947,sell,895.328000,0.940000
15621724,1764326144626,sell,895.450000,1.300000
15621725,1764326147421,buy,895.450000,0.560000
15621726,1764326148633,buy,895.450000,1.070000
15621727,1764326150980,sell,895.450000,1.690000
15621728,1764326154667,buy,895.450000,2.110000
15621729,1764326159279,sell,895.350000,1.610000
15621730,1764326163435,buy,895.250000,0.470000
15621731,1764326165062,sell,895.250000,1.240000
15621732,1764326169342,buy,895.208000,0.750000
15621733,1764326171952,buy,895.350000,1.220000
15621734,1764326176108,sell,895.350000,1.300000
15621735,1764326180802,buy,895.268000,1.440000
15621736,1764326183679,sell,895.269000,1.790000
15621737,1764326187206,buy,895.150000,2.060000
15621738,1764326191243,sell,895.050000,2.570000
15621739,1764326194312,sell,895.000000,2.560000
15621740,1764326194315,sell,895.000000,2.560000
15621741,1764326194336,sell,895.000000,2.560000
15621742,1764326194973,sell,895.000000,2.560000
15621743,1764326196226,buy,895.017000,1.460000
15621744,1764326199236,sell,895.050000,1.400000
15621745,1764326202144,buy,895.050000,1.380000
15621746,1764326205107,sell,895.050000,1.230000
15621747,1764326208564,buy,895.050000,1.480000
15621748,1764326212516,sell,895.050000,1.290000
15621749,1764326215656,buy,895.050000,0.800000
15621750,1764326216116,buy,895.100000,2.560000
15621751,1764326216117,buy,895.100000,2.590000
15621752,1764326216146,buy,895.100000,2.590000
15621753,1764326217591,buy,895.150000,2.000000
15621754,1764326222368,sell,895.150000,1.490000
15621755,1764326225944,sell,895.150000,1.690000
15621756,1764326230124,buy,895.350000,2.570000
15621757,1764326234981,sell,895.350000,2.510000
15621758,1764326236230,buy,895.400000,0.550000
15621759,1764326239755,buy,895.450000,1.150000
15621760,1764326241916,buy,895.450000,0.640000
15621761,1764326244005,sell,895.450000,0.610000
15621762,1764326245995,buy,895.450000,0.340000
15621763,1764326247102,sell,895.450000,0.350000
8858225,1764326249796,sell,895.450000,0.330000
8858226,1764326250846,buy,895.500000,5.150000
8858227,1764326250878,sell,895.450000,0.700000
8858228,1764326253177,buy,895.450000,0.840000
8858229,1764326256005,sell,895.450000,0.780000
8858230,1764326259136,buy,895.450000,0.900000
8858231,1764326262746,sell,895.450000,0.720000
8858232,1764326265699,buy,895.450000,0.360000
8858233,1764326267228,buy,895.450000,1.140000
8858234,1764326272233,sell,895.250000,0.500000
8858235,1764326274747,sell,895.255000,0.920000
8858236,1764326279312,buy,895.250000,0.190000
8858237,1764326280324,buy,895.250000,0.920000
8858238,1764326284841,sell,895.350000,0.950000
8858239,1764326289299,buy,895.550000,0.360000
8858240,1764326292859,sell,895.550000,0.450000
8858241,1764326297345,buy,895.550000,0.130000
8858242,1764326298738,buy,895.550000,0.140000
8858243,1764326300225,sell,895.550000,0.100000
8858244,1764326301451,buy,895.550000,0.520000
8858245,1764326305748,sell,895.650000,0.580000
8858246,1764326310454,buy,895.750000,0.310000
8858247,1764326313161,sell,895.750000,0.390000
8858248,1764326316545,buy,895.703000,0.200000
8858249,1764326318284,buy,895.701000,0.180000
8858250,1764326319899,sell,895.703000,0.480000
8858251,1764326324055,buy,895.650000,0.570000
8858252,1764326328635,sell,895.622000,0.490000
8858253,1764326333074,buy,895.650000,0.460000
8858254,1764326337212,sell,895.650000,0.160000
8858255,1764326338653,sell,895.650000,0.230000
8858256,1764326340686,buy,895.650000,0.340000
8858257,1764326344159,sell,895.614000,0.410000
8858258,1764326349122,buy,895.606000,0.270000
8858259,1764326353164,sell,895.606000,0.180000
8858260,1764326355837,buy,895.606000,0.150000
8858261,1764326358134,sell,895.606000,0.150000
8858262,1764326360503,buy,895.750000,0.470000
8858263,1764326363860,sell,895.850000,0.210000
8858264,1764326364989,sell,895.850000,0.840000
8858265,1764326369172,buy,895.831000,0.840000
8858266,1764326371691,sell,895.825000,1.070000
8858267,1764326374375,buy,895.814000,2.050000
8858268,1764326374950,buy,895.900000,6.780000
8858269,1764326376874,buy,896.000000,2.260000
8858270,1764326379252,sell,896.050000,2.240000
8858271,1764326381282,buy,896.100000,3.100000
8858272,1764326383797,buy,896.006000,1.920000
8858273,1764326386855,sell,896.023000,0.730000
8858274,1764326388023,sell,895.850000,1.310000
8858275,1764326389698,buy,895.850000,2.480000
8858276,1764326392906,sell,895.850000,2.000000
8858277,1764326395498,buy,895.850000,2.630000
8858278,1764326398890,sell,895.950000,1.430000
8858279,1764326400640,sell,895.950000,3.590000
8858280,1764326403597,buy,896.100000,0.430000
8858281,1764326403627,buy,896.200000,0.230000
8858282,1764326404600,buy,896.150000,3.850000
8858283,1764326408571,sell,896.149000,5.000000
8858284,1764326413536,buy,896.149000,2.230000
8858285,1764326415724,buy,896.149000,4.410000
8858286,1764326420087,sell,896.149000,4.530000
8858287,1764326424902,buy,896.050000,3.250000
8858288,1764326428690,sell,896.050000,2.140000
8858289,1764326431183,buy,896.050000,0.800000
8858290,1764326432394,buy,896.048000,1.000000
8858291,1764326433906,sell,896.045000,2.170000
8858292,1764326437291,buy,896.045000,2.690000
8858293,1764326441537,sell,896.045000,1.370000
8858294,1764326444789,buy,896.045000,1.760000
8858295,1764326449023,sell,896.045000,0.880000
8858296,1764326452386,sell,896.045000,0.480000
8858297,1764326454204,sell,896.045000,0.310000
8858298,1764326455354,buy,896.045000,0.520000
8858299,1764326457343,sell,896.045000,0.410000
8858300,1764326458883,sell,896.045000,0.910000
8858301,1764326463538,buy,896.045000,0.270000
8858302,1764326467534,buy,896.045000,0.160000
8858303,1764326470285,buy,896.045000,0.220000
8858304,1764326473243,buy,896.045000,0.330000
8858305,1764326477670,sell,896.045000,0.200000
8858306,1764326478961,buy,896.045000,0.330000
8858307,1764326481054,sell,896.045000,0.530000
8858308,1764326484676,buy,896.045000,0.190000
8858309,1764326485950,buy,896.045000,0.700000
8858310,1764326490458,sell,896.045000,0.760000
8858311,1764326495490,buy,896.045000,0.990000
8858312,1764326495759,sell,896.000000,4.640000
8858313,1764326495902,sell,896.000000,2.320000
8858314,1764326499927,sell,896.000000,1.320000
8858315,1764326503771,buy,896.000000,0.760000
8858316,1764326506006,sell,896.000000,0.730000
8858317,1764326508169,buy,896.000000,1.240000
8858318,1764326511624,sell,896.000000,1.060000
8858319,1764326514351,buy,896.000000,1.450000
8858320,1764326517898,sell,896.000000,1.400000
8858321,1764326521287,buy,896.000000,0.640000
8858322,1764326522872,sell,896.000000,1.430000
8858323,1764326526253,buy,896.000000,0.560000
8858324,1764326527601,buy,896.000000,0.970000
8858325,1764326529942,sell,896.000000,1.560000
8858326,1764326532537,sell,896.000000,6.870000
8858327,1764326533981,buy,896.000000,1.130000
8858328,1764326536856,sell,896.000000,1.060000
8858329,1764326540127,buy,896.000000,0.550000
8858330,1764326541855,buy,896.000000,0.510000
8858331,1764326543442,sell,896.000000,1.130000
8858332,1764326546880,buy,896.000000,0.860000
8858333,1764326547425,sell,896.000000,2.260000
8858334,1764326549459,buy,896.000000,0.400000
8858335,1764326550672,sell,896.000000,0.400000
8858336,1764326551883,buy,896.000000,1.350000
8858337,1764326555853,sell,896.000000,0.810000
8858338,1764326559056,sell,896.050000,0.420000
8858339,1764326561017,buy,896.050000,0.600000
8858340,1764326563783,sell,896.050000,0.590000
8858341,1764326566490,buy,896.050000,0.550000
8858342,1764326569017,sell,896.050000,0.520000
8858343,1764326571583,buy,896.050000,0.690000
8858344,1764326575470,sell,896.050000,0.500000
8858345,1764326577174,buy,896.100000,0.030000
8858346,1764326578328,sell,896.054000,0.470000
8858347,1764326581153,buy,896.029000,0.560000
8858348,1764326584353,sell,896.022000,0.280000
8858349,1764326585980,buy,896.023000,0.890000
8858350,1764326591057,sell,896.023000,0.580000
8858351,1764326594088,sell,896.023000,0.550000
8858352,1764326597328,buy,896.023000,0.420000
8858353,1764326599783,sell,896.022000,0.430000
8858354,1764326602337,buy,896.021000,0.680000
8858355,1764326606099,sell,896.021000,0.220000
8858356,1764326607326,sell,896.021000,0.690000
8858357,1764326611311,buy,896.021000,0.340000
8858358,1764326613190,buy,896.021000,0.820000
8858359,1764326617053,buy,896.100000,0.020000
8858360,1764326617709,sell,896.021000,0.270000
8858361,1764326619385,sell,896.021000,0.290000
8858362,1764326622066,sell,896.021000,0.250000
8858363,1764326624333,buy,896.021000,0.290000
8858364,1764326626156,sell,895.850000,0.840000
8858365,1764326630940,buy,895.850000,0.320000
8858366,1764326632779,buy,895.850000,0.600000
8858367,1764326633897,sell,895.800000,0.030000
8858368,1764326636448,sell,895.950000,0.690000
8858369,1764326640852,buy,896.050000,0.340000
8858370,1764326643099,buy,896.050000,0.560000
8858371,1764326646713,sell,896.050000,0.260000
8858372,1764326648357,sell,896.050000,0.260000
8858373,1764326650175,buy,896.003000,0.390000
8858374,1764326653017,sell,896.004000,0.500000
8858375,1764326656656,buy,896.003000,0.730000
8858376,1764326661481,sell,896.002000,0.700000
8858377,1764326666385,buy,896.002000,0.270000
8858378,1764326668442,sell,896.002000,0.180000
8858379,1764326669848,buy,896.002000,0.400000
8858380,1764326673066,sell,896.002000,0.230000
8858381,1764326674893,sell,896.001000,0.360000
8858382,1764326677140,buy,896.050000,0.420000
8858383,1764326679985,sell,896.050000,0.520000
8858384,1764326683513,buy,896.050000,0.820000
8858385,1764326686647,sell,896.050000,0.950000
8858386,1764326689761,buy,896.150000,2.350000
8858387,1764326689958,buy,896.200000,2.000000
8858388,1764326694278,sell,896.150000,0.770000
8858389,1764326695755,sell,896.109000,0.870000
8858390,1764326697430,sell,896.118000,2.020000
8858391,1764326699463,sell,896.100000,8.260000
8858392,1764326701213,buy,895.850000,1.400000
8858393,1764326703594,buy,895.934000,3.010000
8858394,1764326707038,buy,896.000000,4.340000
8858395,1764326708593,sell,895.944000,1.350000
8858396,1764326710859,sell,895.955000,2.230000
8858397,1764326714566,buy,895.951000,2.580000
8858398,1764326718600,sell,895.950000,0.870000
8858399,1764326719991,sell,895.903000,2.790000
8858400,1764326724426,buy,895.950000,1.670000
8858401,1764326727028,buy,895.950000,3.410000
8858402,1764326731525,sell,895.950000,1.700000
8858403,1764326733678,sell,895.950000,0.910000
8858404,1764326734828,sell,895.950000,3.500000
8858405,1764326739443,buy,896.150000,1.480000
8858406,1764326741174,buy,896.150000,2.810000
8858407,1764326744473,sell,896.150000,0.800000
8858408,1764326745469,buy,896.200000,4.240000
8858409,1764326745616,sell,896.150000,3.350000
8858410,1764326750219,buy,896.150000,0.770000
8858411,1764326752002,buy,896.150000,1.670000
8858412,1764326755550,buy,896.200000,0.100000
8858413,1764326755920,buy,896.118000,2.060000
8858414,1764326760768,sell,896.118000,0.660000
8858415,1764326762468,sell,896.118000,0.640000
8858416,1764326764182,sell,896.118000,1.770000
8858417,1764326768850,buy,895.950000,0.680000
8858418,1764326770581,buy,895.850000,1.570000
8858419,1764326774555,sell,895.650000,2.590000
8858420,1764326778943,buy,895.650000,2.410000
8858421,1764326783063,sell,895.650000,1.130000
8858422,1764326785050,buy,895.650000,2.090000
8858423,1764326788791,sell,895.650000,1.690000
8858424,1764326792770,buy,895.587000,1.250000
8858425,1764326795703,sell,895.590000,1.260000
8858426,1764326798730,buy,895.650000,1.110000
8858427,1764326802069,sell,895.750000,1.630000
8858428,1764326805952,buy,895.750000,0.720000
8858429,1764326807667,sell,895.750000,1.480000
8858430,1764326811253,buy,895.750000,1.280000
8858431,1764326814391,buy,895.750000,1.680000
8858432,1764326818547,sell,895.750000,0.560000
8858433,1764326819755,sell,895.750000,2.190000
8858434,1764326824462,buy,895.750000,1.260000
8858435,1764326826744,buy,895.950000,3.080000
8858436,1764326831490,sell,896.050000,1.500000
8858437,1764326833885,sell,895.950000,0.810000
8858438,1764326835486,sell,895.950000,2.480000
8858439,1764326840424,buy,895.933000,1.950000
8858440,1764326843889,sell,895.920000,2.660000
8858441,1764326848684,buy,895.902000,0.800000
8858442,1764326850118,buy,895.902000,2.630000
8858443,1764326854901,sell,896.050000,2.090000
8858444,1764326858758,buy,896.050000,1.910000
8858445,1764326862302,sell,896.050000,1.120000
8858446,1764326864790,buy,896.050000,0.880000
8858447,1764326866462,sell,895.977000,1.980000
8858448,1764326870211,buy,895.968000,1.010000
8858449,1764326872094,buy,896.050000,0.970000
8858450,1764326873907,sell,896.050000,1.610000
8858451,1764326876907,buy,896.050000,1.820000
8858452,1764326880884,sell,896.150000,2.060000
8858453,1764326885372,buy,896.150000,1.070000
8858454,1764326889027,buy,896.150000,1.350000
8858455,1764326893655,sell,896.150000,0.540000
8858456,1764326896360,sell,896.150000,0.200000
8858457,1764326897385,sell,896.150000,0.680000
8858458,1764326900777,buy,896.100000,0.550000
8858459,1764326904778,sell,896.100000,0.610000
8858460,1764326909253,buy,896.100000,0.530000
8858461,1764326913085,sell,896.100000,0.210000
8858462,1764326914631,buy,896.100000,0.270000
8858463,1764326916622,sell,896.100000,0.390000
8858464,1764326919477,buy,896.100000,0.200000
8858465,1764326920960,sell,896.100000,0.330000
8858466,1764326923302,buy,896.200000,0.510000
8858467,1764326923389,buy,896.100000,0.500000
8858468,1764326925219,buy,896.200000,0.010000
8858469,1764326925825,buy,896.200000,0.380000
8858470,1764326927061,sell,896.113000,0.270000
8858471,1764326931737,buy,896.113000,0.140000
8858472,1764326935121,sell,896.113000,0.170000
8858473,1764326939231,buy,896.113000,0.100000
8858474,1764326941485,sell,896.113000,0.070000
8858475,1764326943265,buy,895.950000,0.210000
8858476,1764326946196,buy,896.000000,0.300000
8858477,1764326946828,sell,895.950000,0.140000
8858478,1764326949099,sell,895.967000,0.200000
8858479,1764326951762,buy,895.962000,0.340000
8858480,1764326956547,sell,896.050000,0.300000
8858481,1764326960330,buy,896.035000,0.250000
8858482,1764326963648,sell,896.035000,0.160000
8858483,1764326965727,buy,896.035000,0.310000
8858484,1764326969918,sell,896.035000,0.290000
8858485,1764326973852,buy,896.035000,0.120000
8858486,1764326975177,sell,896.035000,0.250000
8858487,1764326977691,buy,895.950000,0.450000
8858488,1764326982206,sell,896.050000,0.480000
8858489,1764326986921,buy,896.150000,0.440000
8858490,1764326990932,sell,896.150000,0.360000
8858491,1764326993267,buy,896.150000,0.200000
8858492,1764326994552,sell,896.150000,0.300000
8858493,1764326996495,buy,896.150000,0.220000
8858494,1764326997966,sell,896.150000,0.220000
8858495,1764326999451,buy,896.150000,0.440000
8858496,1764327002476,sell,895.950000,0.220000
8858497,1764327004416,sell,895.950000,0.520000
8858498,1764327008854,buy,895.947000,0.500000
8858499,1764327013220,sell,895.750000,0.520000
8858500,1764327018018,buy,895.750000,0.310000
8858501,1764327021071,buy,895.750000,0.480000
8858502,1764327025640,sell,895.750000,0.500000
8858503,1764327030427,buy,895.735000,0.470000
8858504,1764327034734,sell,895.750000,0.230000
8858505,1764327037451,sell,895.750000,0.420000
8858506,1764327042451,buy,895.750000,0.420000
8858507,1764327047201,sell,895.750000,0.340000
8858508,1764327050144,buy,895.750000,0.240000
8858509,1764327052302,buy,895.721000,0.260000
8858510,1764327055540,sell,895.700000,0.100000
8858511,1764327056021,sell,895.721000,0.670000
8858512,1764327060556,buy,895.721000,0.240000
8858513,1764327061840,buy,895.721000,0.510000
8858514,1764327064188,sell,895.721000,0.250000
8858515,1764327065219,sell,895.721000,0.640000
8858516,1764327067931,buy,896.000000,1.530000
8858517,1764327069629,sell,896.100000,1.790000
8858518,1764327069744,sell,896.100000,1.790000
8858519,1764327071260,sell,896.050000,1.260000
8858520,1764327071892,buy,896.200000,1.790000
8858521,1764327072305,buy,896.200000,4.730000
8858522,1764327073842,buy,896.150000,1.860000
8858523,1764327076814,sell,896.150000,2.690000
8858524,1764327080996,buy,896.150000,2.050000
8858525,1764327084159,sell,896.150000,2.490000
8858526,1764327087954,buy,896.150000,2.910000
8858527,1764327092317,sell,896.150000,3.150000
8858528,1764327097028,buy,896.150000,1.670000
8858529,1764327099553,buy,896.150000,3.260000
8858530,1764327103755,buy,896.200000,1.810000
8858531,1764327104273,sell,896.150000,2.410000
8858532,1764327107742,sell,896.150000,0.830000
8858533,1764327109050,buy,896.150000,0.990000
8858534,1764327110548,sell,896.150000,3.290000
8858535,1764327110920,sell,896.100000,0.220000
8858536,1764327112265,buy,896.200000,5.500000
8858537,1764327115332,buy,896.350000,2.670000
8858538,1764327116258,buy,896.400000,0.010000
8858539,1764327117854,buy,896.500000,1.860000
8858540,1764327118010,buy,896.500000,0.950000
8858541,1764327119636,sell,896.550000,0.750000
8858542,1764327120745,buy,896.550000,2.970000
8858543,1764327125019,sell,896.550000,1.350000
8858544,1764327126885,sell,896.550000,3.450000
8858545,1764327129590,buy,896.600000,0.030000
8858546,1764327131238,buy,896.650000,0.990000
8858547,1764327133059,buy,896.617000,1.390000
8858548,1764327133129,buy,896.700000,0.010000
8858549,1764327136280,buy,896.700000,2.080000
8858550,1764327139602,buy,896.800000,5.880000
8858551,1764327141258,sell,896.767000,2.040000
8858552,1764327144976,sell,896.700000,4.460000
8858553,1764327145208,buy,896.800000,0.500000
8858554,1764327145480,sell,896.767000,0.560000
8858555,1764327146679,buy,896.767000,2.300000
8858556,1764327151391,sell,896.767000,1.290000
8858557,1764327152063,buy,896.800000,16.020000
8858558,1764327152063,buy,896.900000,0.020000
8858559,1764327152096,buy,897.000000,1.890000
8858560,1764327153927,sell,897.050000,2.900000
8858561,1764327157482,buy,897.016000,3.390000
8858562,1764327158886,buy,897.100000,0.170000
8858563,1764327158886,buy,897.200000,0.170000
8858564,1764327160797,sell,897.250000,2.120000
8858565,1764327162629,buy,897.201000,2.310000
8858566,1764327164530,sell,897.203000,3.430000
8858567,1764327166541,buy,897.300000,0.130000
8858568,1764327166541,buy,897.400000,0.270000
8858569,1764327167133,buy,897.350000,6.130000
8858570,1764327168955,buy,897.400000,22.590000
8858571,1764327169138,buy,897.500000,0.020000
8858572,1764327169138,buy,897.700000,0.440000
8858573,1764327169138,sell,897.400000,0.280000
8858574,1764327169188,buy,897.700000,0.370000
8858575,1764327171252,sell,897.650000,4.170000
8858576,1764327171896,sell,897.600000,2.160000
8858577,1764327172118,sell,897.600000,2.160000
8858578,1764327172532,sell,897.600000,2.160000
8858579,1764327173891,buy,897.550000,2.110000
8858580,1764327175231,sell,897.575000,7.970000
8858581,1764327179303,sell,897.400000,2.160000
8858582,1764327180220,buy,897.485000,2.790000
8858583,1764327182023,buy,897.471000,2.180000
8858584,1764327183325,buy,897.441000,5.390000
8858585,1764327184888,sell,897.500000,0.030000
8858586,1764327186486,sell,897.550000,9.030000
8858587,1764327191485,buy,897.529000,2.940000
8858588,1764327193119,buy,897.450000,3.080000
8858589,1764327194834,sell,897.499000,5.000000
8858590,1764327197541,buy,897.482000,2.390000
8858591,1764327198803,buy,897.470000,3.510000
8858592,1764327200598,sell,897.417000,9.900000
8858593,1764327202247,buy,897.500000,0.220000
8858594,1764327205604,buy,897.550000,11.140000
8858595,1764327207171,buy,897.600000,0.010000
8858596,1764327209156,sell,897.600000,2.220000
8858597,1764327210327,sell,897.650000,3.420000
8858598,1764327211638,buy,897.550000,7.820000
8858599,1764327212666,buy,897.600000,2.980000
8858600,1764327213594,buy,897.700000,2.590000
8858601,1764327214066,buy,897.700000,2.590000
8858602,1764327214519,sell,897.650000,6.180000
8858603,1764327214758,buy,897.700000,3.140000
8858604,1764327214817,buy,897.800000,0.850000
8858605,1764327214817,buy,897.900000,0.020000
8858606,1764327214817,buy,898.000000,0.010000
8858607,1764327215443,sell,897.800000,0.010000
8858608,1764327217002,sell,897.850000,11.110000
8858609,1764327221435,buy,897.831000,5.490000
8858610,1764327223820,buy,897.833000,6.560000
8858611,1764327226282,sell,897.833000,3.720000
8858612,1764327227759,buy,897.833000,10.960000
8858613,1764327232246,sell,897.833000,6.890000
8858614,1764327235137,sell,897.650000,10.570000
8858615,1764327239484,buy,897.650000,12.290000
8858616,1764327244352,sell,897.649000,5.790000
8858617,1764327246971,buy,897.640000,4.450000
8858618,1764327247540,buy,897.700000,0.010000
8858619,1764327248140,sell,897.800000,0.010000
8858620,1764327249053,sell,897.850000,7.940000
8858621,1764327252613,buy,897.950000,8.900000
8858622,1764327252775,buy,898.000000,1.340000
8858623,1764327255574,buy,898.000000,0.810000
8858624,1764327256330,sell,897.950000,11.380000
8858625,1764327256950,buy,898.000000,2.540000
8858626,1764327257317,buy,898.000000,15.170000
8858627,1764327258096,sell,898.100000,0.280000
8858628,1764327258424,buy,898.200000,1.790000
8858629,1764327258758,buy,898.200000,0.490000
8858630,1764327261038,buy,898.350000,10.910000
8858631,1764327265267,sell,898.291000,10.150000
8858632,1764327269748,buy,898.270000,2.280000
8858633,1764327270888,buy,898.350000,2.200000
8858634,1764327271978,buy,898.350000,8.780000
8858635,1764327276324,sell,898.265000,9.050000
8858636,1764327279825,sell,898.200000,0.110000
8858637,1764327280527,sell,898.300000,2.620000
8858638,1764327281110,buy,898.350000,5.050000
8858639,1764327283577,sell,898.350000,7.890000
8858640,1764327287653,buy,898.337000,7.160000
8858641,1764327290894,sell,898.200000,0.020000
8858642,1764327291670,sell,898.250000,7.590000
8858643,1764327295829,buy,898.227000,1.940000
8858644,1764327296925,buy,898.204000,8.470000
8858645,1764327301544,buy,898.400000,0.020000
8858646,1764327301566,sell,898.350000,4.210000
8858647,1764327301774,buy,898.400000,0.160000
8858648,1764327303261,buy,898.400000,0.080000
8858649,1764327303473,buy,898.500000,1.140000
8858650,1764327303799,buy,898.500000,2.220000
8858651,1764327303816,sell,898.450000,2.550000
8858652,1764327304993,buy,898.450000,10.640000
8858653,1764327305127,buy,898.500000,19.590000
8858654,1764327306294,buy,898.600000,0.160000
8858655,1764327308117,buy,898.700000,0.040000
8858656,1764327308117,buy,898.800000,8.900000
8858657,1764327309729,sell,898.750000,8.650000
8858658,1764327311184,buy,898.800000,0.200000
8858659,1764327313650,sell,898.753000,8.170000
8858660,1764327317639,buy,898.753000,9.520000
8858661,1764327318036,sell,898.600000,0.020000
8858662,1764327322632,sell,898.600000,4.790000
8858663,1764327325409,buy,898.450000,7.770000
8858664,1764327329882,sell,898.350000,3.460000
8858665,1764327332034,sell,898.250000,6.240000
8858666,1764327335823,buy,898.050000,6.690000
8858667,1764327339828,sell,898.250000,3.250000
8858668,1764327341995,buy,898.250000,3.570000
8858669,1764327342348,sell,898.200000,0.450000
8858670,1764327344455,sell,898.250000,6.620000
8858671,1764327349255,buy,898.250000,6.400000
8858672,1764327354209,sell,898.250000,5.490000
8858673,1764327358559,buy,898.207000,2.880000
8858674,1764327360964,buy,898.206000,4.030000
8858675,1764327364746,buy,898.200000,0.430000
8858676,1764327364902,sell,898.150000,1.660000
8858677,1764327367370,sell,898.169000,2.680000
8858678,1764327372365,buy,898.250000,1.460000
8858679,1764327374790,sell,898.250000,0.720000
8858680,1764327376092,buy,898.250000,1.800000
8858681,1764327379127,sell,898.050000,1.600000
8858682,1764327382028,buy,898.050000,0.550000
8858683,1764327383076,sell,898.050000,1.550000
8858684,1764327386040,buy,898.049000,0.580000
8858685,1764327387222,buy,898.039000,1.160000
8858686,1764327389497,sell,898.026000,1.390000
8858687,1764327391024,sell,898.000000,2.530000
8858688,1764327392213,buy,898.018000,2.080000
8858689,1764327394769,sell,898.000000,11.990000
8858690,1764327395491,sell,898.000000,3.970000
8858691,1764327395945,sell,898.000000,0.010000
8858692,1764327396140,sell,898.000000,2.970000
8858693,1764327396757,sell,897.750000,1.790000
8858694,1764327398384,buy,897.800000,3.970000
8858695,1764327399927,buy,897.950000,2.230000
8858696,1764327404415,sell,897.950000,1.470000
8858697,1764327407450,sell,897.900000,0.010000
8858698,1764327407492,buy,897.921000,0.520000
8858699,1764327408623,sell,897.927000,0.900000
8858700,1764327410531,buy,897.925000,1.060000
8858701,1764327412112,buy,898.000000,0.010000
8858702,1764327412821,sell,897.923000,1.210000
8858703,1764327415419,buy,897.928000,1.380000
8858704,1764327418451,sell,897.850000,1.860000
8858705,1764327422535,buy,898.250000,1.530000
8858706,1764327424756,sell,898.250000,0.970000
8858707,1764327426152,buy,898.300000,0.010000
8858708,1764327426168,buy,898.350000,4.080000
8858709,1764327430579,sell,898.350000,3.770000
8858710,1764327434618,buy,898.350000,2.730000
8858711,1764327437434,sell,898.350000,2.860000
8858712,1764327440451,buy,898.350000,4.140000
8858713,1764327444415,sell,898.350000,3.380000
8858714,1764327447646,sell,898.350000,2.470000
8858715,1764327450002,buy,898.303000,4.290000
8858716,1764327453919,sell,898.301000,3.720000
8858717,1764327457392,buy,898.350000,3.140000
8858718,1764327460869,sell,898.251000,1.310000
8858719,1764327462272,sell,898.231000,1.370000
8858720,1764327463737,buy,898.150000,3.850000
8858721,1764327467752,sell,898.150000,3.150000
8858722,1764327471085,buy,898.150000,3.280000
8858723,1764327474288,sell,898.150000,2.080000
8858724,1764327476351,sell,898.250000,3.880000
8858725,1764327479833,buy,898.250000,3.240000
8858726,1764327483087,sell,898.250000,3.650000
8858727,1764327483835,buy,898.300000,0.010000
8858728,1764327483837,buy,898.400000,0.440000
8858729,1764327484300,sell,898.400000,0.010000
8858730,1764327487519,buy,898.450000,1.980000
8858731,1764327491014,buy,898.450000,1.770000
8858732,1764327493619,buy,898.500000,0.550000
8858733,1764327494523,sell,898.450000,1.080000
8858734,1764327496671,buy,898.407000,2.140000
8858735,1764327501026,sell,898.407000,1.700000
8858736,1764327505108,buy,898.407000,1.100000
