id,unix_timestamp_ms,side,price,quantity
114283770,1764326012805,buy,91586.400000,0.002000
114283771,1764326012805,buy,91586.400000,0.001000
114283772,1764326013033,buy,91587.900000,0.001000
114283773,1764326013033,buy,91587.900000,0.001000
114283774,1764326013033,buy,91587.900000,0.001000
114283775,1764326013033,buy,91587.900000,0.001000
114283776,1764326013033,buy,91587.900000,0.001000
114283777,1764326013033,buy,91587.900000,0.001000
114283778,1764326013033,buy,91587.900000,0.001000
114283779,1764326013033,buy,91587.900000,0.001000
114283780,1764326013033,buy,91587.900000,0.001000
114283781,1764326013033,buy,91587.900000,0.001000
114283782,1764326013033,buy,91587.900000,0.001000
114283783,1764326013033,buy,91587.900000,0.001000
114283784,1764326013033,buy,91587.900000,0.001000
114283785,1764326013049,buy,91589.600000,0.002000
114283786,1764326013195,buy,91589.600000,0.066000
114283787,1764326013196,buy,91589.600000,0.031000
114283788,1764326013196,buy,91589.600000,0.053000
114283789,1764326013759,buy,91589.600000,0.034000
114283790,1764326013759,buy,91589.600000,0.020000
114283791,1764326013759,buy,91589.600000,0.066000
114283792,1764326013931,sell,91589.500000,0.011000
114283793,1764326014079,buy,91589.600000,0.056000
114283794,1764326014305,sell,91589.500000,0.423000
114283795,1764326016259,buy,91589.600000,0.428000
114283796,1764326018244,sell,91589.600000,0.566000
114283797,1764326019637,buy,91589.600000,0.083000
114283798,1764326020725,buy,91589.600000,0.398000
114283799,1764326022494,buy,91589.600000,0.389000
114283800,1764326022876,sell,91589.500000,0.083000
114283801,1764326024227,sell,91589.600000,0.521000
114283802,1764326025214,buy,91589.600000,0.120000
114283803,1764326025840,buy,91589.600000,0.005000
114283804,1764326026560,buy,91589.600000,0.272000
114283805,1764326027382,buy,91589.600000,0.078000
114283806,1764326027775,sell,91589.600000,0.531000
114283807,1764326027977,sell,91589.500000,0.005000
114283808,1764326030038,sell,91589.500000,0.078000
114283809,1764326030088,sell,91589.500000,0.005000
114283810,1764326030158,buy,91589.600000,0.296000
114283811,1764326030587,sell,91589.500000,0.080000
114283812,1764326030587,sell,91589.500000,0.040000
114283813,1764326031454,buy,91589.500000,0.416000
114283814,1764326033334,sell,91589.500000,0.548000
114283815,1764326035801,buy,91589.500000,0.398000
114283816,1764326037036,sell,91589.500000,0.001000
114283817,1764326037567,sell,91589.500000,0.413000
114283818,1764326038007,buy,91589.600000,0.151000
114283819,1764326039384,buy,91589.600000,0.626000
114283820,1764326040623,buy,91589.600000,0.002000
114283821,1764326041273,sell,91589.500000,0.001000
114283822,1764326041748,sell,91589.500000,0.001000
114283823,1764326042109,sell,91589.600000,0.331000
114283824,1764326042667,buy,91589.600000,0.001000
114283825,1764326042668,buy,91589.600000,0.001000
114283826,1764326042668,buy,91589.600000,0.005000
114283827,1764326042668,buy,91590.000000,0.001000
114283828,1764326042668,buy,91591.200000,0.002000
114283829,1764326042668,buy,91592.600000,0.001000
114283830,1764326042668,buy,91592.600000,0.001000
114283831,1764326042668,buy,91592.600000,0.001000
114283832,1764326042668,buy,91592.600000,0.001000
114283833,1764326042668,buy,91592.600000,0.001000
114283834,1764326042668,buy,91592.600000,0.001000
114283835,1764326042668,buy,91592.600000,0.001000
114283836,1764326042668,buy,91592.600000,0.001000
114283837,1764326042668,buy,91592.600000,0.003000
114283838,1764326042668,buy,91593.600000,0.033000
114283839,1764326042668,buy,91594.700000,0.002000
114283840,1764326042668,buy,91594.900000,0.011000
114283841,1764326042668,buy,91596.000000,0.001000
114283842,1764326042668,buy,91596.000000,0.001000
114283843,1764326042668,buy,91596.000000,0.001000
114283844,1764326042668,buy,91596.400000,0.001000
114283845,1764326042668,buy,91597.100000,0.011000
114283846,1764326042668,buy,91597.200000,0.001000
114283847,1764326042668,buy,91597.200000,0.005000
114283848,1764326042668,buy,91597.600000,0.001000
114283849,1764326042668,buy,91598.400000,0.002000
114283850,1764326042668,buy,91598.400000,0.003000
114283851,1764326042668,buy,91598.400000,0.002000
114283852,1764326042668,buy,91598.400000,0.002000
114283853,1764326042668,buy,91598.900000,0.001000
114283854,1764326042668,buy,91598.900000,0.001000
114283855,1764326042668,buy,91598.900000,0.001000
114283856,1764326042668,buy,91598.900000,0.001000
114283857,1764326042668,buy,91598.900000,0.001000
114283858,1764326042668,buy,91598.900000,0.001000
114283859,1764326042668,buy,91598.900000,0.001000
114283860,1764326042668,buy,91598.900000,0.001000
114283861,1764326042668,buy,91598.900000,0.001000
114283862,1764326042668,buy,91598.900000,0.001000
114283863,1764326042668,buy,91599.500000,0.005000
114283864,1764326042668,buy,91599.800000,0.001000
114283865,1764326042668,buy,91599.800000,0.001000
114283866,1764326042668,buy,91599.800000,0.001000
114283867,1764326042668,buy,91599.800000,0.002000
114283868,1764326042668,buy,91599.900000,0.002000
114283869,1764326043556,buy,91599.900000,0.616000
63106799,1764326050213,buy,91604.700000,0.673000
63106800,1764326051968,buy,91604.800000,0.120000
63106801,1764326052881,sell,91604.800000,0.541000
63106802,1764326053574,buy,91604.800000,0.286000
63106803,1764326053574,buy,91606.000000,0.113000
63106804,1764326053574,buy,91606.900000,0.036000
63106805,1764326053574,buy,91608.000000,0.013000
63106806,1764326053574,buy,91610.000000,0.005000
63106807,1764326053574,buy,91610.400000,0.045000
63106808,1764326053574,buy,91611.500000,0.007000
63106809,1764326053631,buy,91613.200000,0.005000
63106810,1764326053637,buy,91615.000000,0.001000
63106811,1764326053648,buy,91617.000000,0.012000
63106812,1764326053652,buy,91618.000000,0.001000
63106813,1764326053652,buy,91618.200000,0.005000
63106814,1764326053652,buy,91618.400000,0.002000
63106815,1764326054372,buy,91619.400000,0.008000
63106816,1764326054564,sell,91619.900000,0.120000
63106817,1764326054969,sell,91619.900000,0.002000
63106818,1764326055046,buy,91619.900000,0.572000
63106819,1764326056124,sell,91619.900000,0.132000
63106820,1764326056137,sell,91618.900000,0.066000
63106821,1764326056306,sell,91618.900000,0.066000
63106822,1764326056569,sell,91618.900000,0.066000
63106823,1764326056915,sell,91618.900000,0.822000
63106824,1764326057086,buy,91619.000000,0.234000
63106825,1764326058101,buy,91619.000000,0.002000
63106826,1764326059113,buy,91618.900000,0.862000
63106827,1764326061729,sell,91618.900000,0.426000
63106828,1764326061897,sell,91618.900000,0.002000
63106829,1764326062282,buy,91619.000000,0.120000
63106830,1764326062995,sell,91618.900000,0.851000
63106831,1764326063161,sell,91618.900000,0.028000
63106832,1764326065251,sell,91618.900000,0.120000
63106833,1764326065683,buy,91618.900000,0.589000
63106834,1764326067554,buy,91618.900000,0.548000
63106835,1764326067825,sell,91618.900000,0.304000
63106836,1764326068226,sell,91618.900000,0.109000
63106837,1764326069054,sell,91618.900000,0.054000
63106838,1764326069063,buy,91619.000000,0.002000
63106839,1764326069283,sell,91618.900000,0.555000
63106840,1764326071080,buy,91618.900000,0.529000
63106841,1764326072508,sell,91618.900000,0.002000
63106842,1764326072860,sell,91618.900000,0.260000
63106843,1764326073951,sell,91618.900000,0.285000
63106844,1764326075375,buy,91618.900000,0.548000
63106845,1764326076445,buy,91619.000000,0.002000
63106846,1764326077467,buy,91619.000000,0.049000
63106847,1764326078168,sell,91618.900000,0.452000
63106848,1764326080238,sell,91618.900000,0.002000
63106849,1764326080403,buy,91618.900000,0.576000
63106850,1764326081892,buy,91619.000000,0.109000
63106851,1764326083356,sell,91618.900000,0.249000
63106852,1764326084634,sell,91618.900000,0.379000
63106853,1764326085142,buy,91619.000000,0.002000
63106854,1764326086627,buy,91618.900000,0.563000
63106855,1764326089271,sell,91618.900000,0.002000
63106856,1764326089530,sell,91618.900000,0.416000
63106857,1764326089908,sell,91618.900000,0.147000
63106858,1764326089915,sell,91618.800000,0.005000
63106859,1764326089920,sell,91615.800000,0.005000
63106860,1764326089998,sell,91615.100000,0.059000
63106861,1764326090263,sell,91611.000000,0.123000
63106862,1764326091686,buy,91610.000000,0.418000
63106863,1764326093270,sell,91610.000000,0.081000
63106864,1764326093504,sell,91610.000000,0.551000
63106865,1764326093769,buy,91610.100000,0.002000
63106866,1764326093863,sell,91610.000000,0.036000
63106867,1764326095906,buy,91606.000000,0.256000
63106868,1764326096318,buy,91606.100000,0.005000
63106869,1764326096848,sell,91606.000000,0.111000
63106870,1764326097046,sell,91604.700000,0.664000
63106871,1764326097500,sell,91604.700000,0.028000
63106872,1764326097993,sell,91603.900000,0.005000
63106873,1764326097993,sell,91600.900000,0.004000
63106874,1764326097993,sell,91600.800000,0.004000
63106875,1764326097993,sell,91600.000000,0.001000
63106876,1764326097993,sell,91599.900000,0.005000
63106877,1764326097993,sell,91599.800000,0.005000
63106878,1764326097993,sell,91596.000000,0.001000
63106879,1764326098030,sell,91592.600000,0.008000
63106880,1764326098057,sell,91590.000000,0.001000
63106881,1764326098057,sell,91589.500000,0.005000
63106882,1764326098057,sell,91589.300000,0.005000
63106883,1764326098057,sell,91588.500000,0.030000
63106884,1764326098204,sell,91588.500000,0.112000
63106885,1764326098204,sell,91587.900000,0.005000
63106886,1764326098335,sell,91587.900000,0.008000
63106887,1764326098335,sell,91586.400000,0.005000
63106888,1764326098335,sell,91585.800000,0.005000
63106889,1764326098973,sell,91583.400000,0.004000
63106890,1764326098973,sell,91583.000000,0.007000
63106891,1764326098973,sell,91582.900000,0.004000
63106892,1764326099293,sell,91580.000000,0.001000
63106893,1764326099293,sell,91579.200000,0.008000
63106894,1764326099361,sell,91577.000000,0.001000
63106895,1764326099361,sell,91576.800000,0.012000
63106896,1764326099361,sell,91576.000000,0.001000
63106897,1764326099561,buy,91573.100000,0.028000
63106898,1764326100028,buy,91573.000000,0.463000
63106899,1764326100115,sell,91573.000000,0.005000
63106900,1764326100115,sell,91571.800000,0.010000
63106901,1764326100115,sell,91570.800000,0.002000
63106902,1764326100115,sell,91570.300000,0.033000
63106903,1764326100115,sell,91570.000000,0.004000
63106904,1764326100355,sell,91570.000000,0.001000
63106905,1764326100453,sell,91567.800000,0.013000
63106906,1764326100454,sell,91567.500000,0.096000
63106907,1764326100464,sell,91567.400000,0.005000
63106908,1764326100464,sell,91567.000000,0.001000
63106909,1764326100464,sell,91566.000000,0.004000
63106910,1764326100464,sell,91565.800000,0.008000
63106911,1764326100464,sell,91565.100000,0.009000
63106912,1764326100464,sell,91564.900000,0.004000
63106913,1764326100464,sell,91560.800000,0.005000
63106914,1764326100464,sell,91560.000000,0.005000
63106915,1764326100464,sell,91559.600000,0.005000
63106916,1764326100464,sell,91559.000000,0.002000
63106917,1764326100464,sell,91558.400000,0.005000
63106918,1764326100464,sell,91558.000000,0.001000
63106919,1764326100464,sell,91557.600000,0.005000
63106920,1764326100464,sell,91554.500000,0.007000
63106921,1764326100464,sell,91552.400000,0.008000
63106922,1764326100464,sell,91552.100000,0.033000
63106923,1764326100464,sell,91551.600000,0.021000
63106924,1764326100464,sell,91550.000000,0.001000
63106925,1764326100464,sell,91549.800000,0.002000
63106926,1764326100464,sell,91549.700000,0.001000
63106927,1764326100464,sell,91549.200000,0.034000
63106928,1764326100464,sell,91549.100000,0.036000
63106929,1764326100596,buy,91549.300000,0.111000
63106930,1764326100755,buy,91549.300000,0.042000
63106931,1764326101701,buy,91549.200000,0.547000
63106932,1764326103099,sell,91548.600000,0.004000
63106933,1764326103114,sell,91547.700000,0.013000
63106934,1764326103114,sell,91546.900000,0.004000
63106935,1764326103217,sell,91546.200000,0.005000
63106936,1764326103417,sell,91544.700000,0.010000
63106937,1764326103417,sell,91544.400000,0.002000
63106938,1764326103417,sell,91543.300000,0.045000
63106939,1764326103417,sell,91543.200000,0.001000
63106940,1764326103633,sell,91540.000000,0.343000
63106941,1764326103967,buy,91540.100000,0.148000
63106942,1764326104118,sell,91540.000000,0.003000
63106943,1764326104118,sell,91539.000000,0.011000
63106944,1764326104119,sell,91538.400000,0.097000
63106945,1764326104841,sell,91538.400000,0.733000
63106946,1764326105193,sell,91538.400000,0.002000
63106947,1764326106094,sell,91538.400000,0.460000
63106948,1764326106897,sell,91538.400000,0.028000
63106949,1764326106980,buy,91538.500000,0.275000
63106950,1764326107085,sell,91538.400000,0.089000
63106951,1764326107491,buy,91538.400000,0.673000
63106952,1764326108105,buy,91538.500000,0.036000
63106953,1764326108135,buy,91540.100000,0.005000
63106954,1764326108209,buy,91542.600000,0.002000
63106955,1764326108209,buy,91544.800000,0.002000
63106956,1764326108280,buy,91546.900000,0.004000
63106957,1764326108311,buy,91547.600000,0.006000
63106958,1764326108311,buy,91549.500000,0.033000
63106959,1764326108365,buy,91550.000000,0.012000
63106960,1764326108367,buy,91551.400000,0.033000
63106961,1764326108431,buy,91552.300000,0.001000
63106962,1764326108574,sell,91552.200000,0.005000
63106963,1764326109221,buy,91552.300000,0.275000
63106964,1764326110004,buy,91552.200000,0.469000
63106965,1764326111430,buy,91552.300000,0.002000
63106966,1764326111743,sell,91552.300000,0.765000
63106967,1764326112518,sell,91552.200000,0.061000
63106968,1764326112518,sell,91550.000000,0.100000
63106969,1764326112518,sell,91543.600000,0.002000
63106970,1764326112518,sell,91543.000000,0.004000
63106971,1764326112518,sell,91541.500000,0.033000
63106972,1764326112518,sell,91540.000000,0.032000
63106973,1764326112518,sell,91538.400000,0.001000
63106974,1764326112518,sell,91538.300000,0.005000
63106975,1764326112518,sell,91538.200000,0.037000
63106976,1764326114577,buy,91538.200000,0.266000
63106977,1764326115776,sell,91538.200000,0.002000
63106978,1764326115791,buy,91538.200000,0.331000
63106979,1764326116517,buy,91538.300000,0.061000
63106980,1764326116560,buy,91539.700000,0.005000
63106981,1764326116710,buy,91542.600000,0.001000
63106982,1764326116710,buy,91542.900000,0.002000
63106983,1764326116710,buy,91543.300000,0.011000
63106984,1764326116996,sell,91546.100000,0.005000
63106985,1764326117532,sell,91546.400000,0.227000
63106986,1764326118450,sell,91546.700000,0.101000
63106987,1764326118736,sell,91546.700000,0.197000
63106988,1764326119764,buy,91546.700000,0.241000
63106989,1764326120378,sell,91546.700000,0.148000
63106990,1764326121068,sell,91546.700000,0.363000
63106991,1764326122035,buy,91546.800000,0.002000
63106992,1764326122825,buy,91547.200000,0.004000
63106993,1764326123019,buy,91547.100000,0.371000
63106994,1764326125011,sell,91547.100000,0.219000
63106995,1764326126217,buy,91547.100000,0.222000
63106996,1764326126869,buy,91547.200000,0.003000
63106997,1764326126869,buy,91547.400000,0.002000
63106998,1764326126869,buy,91547.600000,0.005000
63106999,1764326126869,buy,91547.900000,0.019000
63107000,1764326127414,sell,91547.800000,0.353000
63107001,1764326129304,buy,91547.800000,0.266000
63107002,1764326130756,sell,91547.800000,0.524000
63107003,1764326131198,sell,91547.800000,0.001000
63107004,1764326132264,sell,91547.800000,0.192000
63107005,1764326133239,buy,91547.900000,0.132000
63107006,1764326133640,buy,91547.900000,0.139000
63107007,1764326133670,buy,91547.800000,0.545000
63107008,1764326133955,buy,91547.900000,0.014000
63107009,1764326135481,sell,91547.800000,0.444000
63107010,1764326136658,buy,91547.900000,0.002000
63107011,1764326136976,sell,91547.800000,0.139000
63107012,1764326137002,buy,91547.800000,0.480000
63107013,1764326138671,sell,91547.800000,0.427000
63107014,1764326140189,buy,91547.800000,0.638000
63107015,1764326141512,buy,91547.900000,0.128000
63107016,1764326142381,sell,91547.800000,0.332000
63107017,1764326143535,buy,91547.800000,0.763000
63107018,1764326144621,sell,91547.800000,0.128000
63107019,1764326146178,sell,91547.800000,0.584000
63107020,1764326148059,buy,91547.900000,0.037000
63107021,1764326148059,buy,91548.000000,0.051000
63107022,1764326148072,buy,91548.100000,0.005000
63107023,1764326148072,buy,91548.400000,0.007000
63107024,1764326148072,buy,91548.500000,0.005000
63107025,1764326148081,buy,91549.900000,0.002000
63107026,1764326148081,buy,91550.000000,0.001000
63107027,1764326148081,buy,91550.300000,0.011000
63107028,1764326148081,buy,91552.400000,0.013000
63107029,1764326148081,buy,91552.800000,0.033000
63107030,1764326148081,buy,91554.500000,0.003000
63107031,1764326148081,buy,91554.600000,0.005000
63107032,1764326148081,buy,91556.900000,0.001000
63107033,1764326148081,buy,91557.400000,0.002000
63107034,1764326148081,buy,91558.000000,0.001000
63107035,1764326148081,buy,91559.600000,0.005000
63107036,1764326148081,buy,91560.000000,0.001000
63107037,1764326148081,buy,91561.900000,0.107000
63107038,1764326148211,sell,91558.300000,0.633000
63107039,1764326148828,sell,91558.300000,0.185000
63107040,1764326150406,buy,91558.300000,0.414000
63107041,1764326151201,sell,91558.300000,0.109000
63107042,1764326152060,buy,91558.300000,0.502000
63107043,1764326152823,buy,91558.400000,0.004000
63107044,1764326152825,sell,91558.300000,0.185000
63107045,1764326153097,buy,91558.400000,0.004000
63107046,1764326154100,sell,91558.300000,0.508000
63107047,1764326154848,buy,91558.400000,0.185000
63107048,1764326156189,buy,91558.400000,0.398000
63107049,1764326157656,sell,91558.300000,0.132000
63107050,1764326157834,sell,91558.400000,0.476000
63107051,1764326157945,sell,91558.300000,0.098000
63107052,1764326158360,buy,91554.800000,0.185000
63107053,1764326158951,sell,91550.000000,0.091000
63107054,1764326158951,sell,91548.000000,0.046000
63107055,1764326158951,sell,91546.300000,0.048000
63107056,1764326159885,sell,91546.300000,0.022000
63107057,1764326160329,buy,91546.300000,0.505000
63107058,1764326160627,sell,91546.300000,0.028000
63107059,1764326160966,sell,91546.200000,0.005000
63107060,1764326160969,sell,91542.400000,0.002000
63107061,1764326161004,sell,91540.000000,0.001000
63107062,1764326161070,sell,91539.000000,0.001000
63107063,1764326161176,sell,91539.000000,0.008000
63107064,1764326161503,buy,91536.900000,0.077000
63107065,1764326162050,sell,91536.800000,0.001000
63107066,1764326162050,sell,91536.600000,0.003000
63107067,1764326162624,sell,91536.600000,0.009000
63107068,1764326162624,sell,91534.000000,0.001000
63107069,1764326162624,sell,91532.800000,0.005000
63107070,1764326162624,sell,91531.800000,0.009000
63107071,1764326162624,sell,91531.200000,0.004000
63107072,1764326162624,sell,91530.000000,0.005000
63107073,1764326162624,sell,91529.800000,0.002000
63107074,1764326162624,sell,91529.300000,0.038000
63107075,1764326162624,sell,91529.200000,0.112000
63107076,1764326163087,sell,91531.200000,0.243000
63107077,1764326163170,buy,91531.300000,0.185000
63107078,1764326163250,sell,91531.200000,0.001000
63107079,1764326164075,sell,91531.200000,0.212000
63107080,1764326164412,sell,91531.200000,0.250000
63107081,1764326164851,sell,91531.200000,0.118000
63107082,1764326165772,buy,91531.200000,0.544000
63107083,1764326165948,buy,91531.300000,0.050000
63107084,1764326166098,sell,91531.200000,0.054000
63107085,1764326166174,buy,91531.300000,0.041000
63107086,1764326166793,sell,91533.900000,0.067000
63107087,1764326167346,buy,91536.900000,0.005000
63107088,1764326167446,buy,91540.000000,0.001000
63107089,1764326167446,buy,91540.400000,0.006000
63107090,1764326167716,sell,91543.200000,0.005000
63107091,1764326167816,buy,91543.300000,0.046000
63107092,1764326167816,buy,91543.700000,0.009000
63107093,1764326167816,buy,91543.800000,0.011000
63107094,1764326167816,buy,91546.200000,0.005000
63107095,1764326167816,buy,91548.000000,0.005000
63107096,1764326167816,buy,91548.200000,0.005000
63107097,1764326167816,buy,91548.600000,0.004000
63107098,1764326167816,buy,91549.500000,0.100000
63107099,1764326168250,sell,91549.400000,0.185000
63107100,1764326168425,sell,91549.400000,0.001000
63107101,1764326168684,buy,91549.500000,0.072000
63107102,1764326168736,sell,91549.400000,0.427000
63107103,1764326169222,sell,91549.400000,0.001000
63107104,1764326171026,buy,91549.400000,0.424000
63107105,1764326171667,sell,91549.400000,0.072000
63107106,1764326172047,sell,91549.400000,0.185000
63107107,1764326172776,buy,91549.500000,0.185000
63107108,1764326173289,sell,91549.400000,0.470000
63107109,1764326175059,buy,91549.500000,0.002000
63107110,1764326175855,buy,91549.400000,0.197000
63107111,1764326176938,sell,91549.500000,0.181000
63107112,1764326177945,buy,91549.500000,0.227000
63107113,1764326179239,sell,91549.500000,0.489000
63107114,1764326179616,sell,91549.400000,0.002000
63107115,1764326181656,sell,91549.400000,0.167000
63107116,1764326181783,sell,91549.400000,0.028000
63107117,1764326181947,buy,91547.000000,0.508000
63107118,1764326184516,sell,91547.000000,0.163000
63107119,1764326184603,buy,91547.100000,0.002000
63107120,1764326184748,sell,91547.000000,0.427000
63107121,1764326187109,buy,91547.100000,0.243000
63107122,1764326187938,sell,91547.000000,0.002000
63107123,1764326188489,buy,91547.100000,0.490000
