id,unix_timestamp_ms,side,price,quantity
50685211,1764326013078,buy,3052.800000,0.021000
50685212,1764326013078,buy,3052.800000,0.021000
50685213,1764326013078,buy,3052.800000,0.021000
50685214,1764326013078,buy,3052.800000,0.021000
50685215,1764326013078,buy,3052.800000,0.021000
50685216,1764326013078,buy,3052.800000,0.021000
50685217,1764326013078,buy,3052.800000,0.021000
50685218,1764326013078,buy,3052.800000,0.021000
50685219,1764326013078,buy,3052.800000,0.021000
50685220,1764326013078,buy,3052.800000,0.021000
50685221,1764326013078,buy,3052.800000,0.021000
50685222,1764326013078,buy,3052.800000,0.021000
50685223,1764326013078,buy,3052.800000,0.021000
50685224,1764326013078,buy,3052.800000,0.021000
50685225,1764326013078,buy,3052.800000,0.021000
50685226,1764326013078,buy,3052.800000,0.021000
50685227,1764326013078,buy,3052.800000,0.021000
50685228,1764326013078,buy,3052.800000,0.021000
50685229,1764326013078,buy,3052.800000,0.021000
50685230,1764326013078,buy,3052.800000,0.021000
50685231,1764326013078,buy,3052.800000,0.042000
50685232,1764326013078,buy,3052.800000,0.021000
50685233,1764326013214,buy,3052.900000,0.021000
50685234,1764326013214,buy,3052.900000,0.021000
50685235,1764326013214,buy,3052.900000,0.021000
50685236,1764326013225,sell,3052.950000,1.583000
50685237,1764326013379,buy,3053.000000,0.002000
50685238,1764326014860,sell,3053.300000,1.638000
50685239,1764326014894,buy,3053.250000,2.068000
50685240,1764326015104,sell,3053.200000,0.012000
50685241,1764326017029,sell,3053.070000,2.175000
50685242,1764326019409,buy,3053.050000,2.534000
50685243,1764326022139,sell,3053.050000,2.492000
50685244,1764326024771,buy,3053.050000,2.298000
50685245,1764326027343,sell,3053.050000,1.008000
50685246,1764326028466,sell,3053.050000,1.130000
50685247,1764326029675,buy,3053.050000,1.990000
50685248,1764326031848,sell,3053.450000,1.626000
50685249,1764326033623,sell,3053.450000,1.294000
50685250,1764326035071,buy,3053.450000,2.275000
50685251,1764326037531,sell,3053.450000,1.173000
50685252,1764326038827,sell,3053.450000,1.896000
50685253,1764326040937,buy,3053.550000,3.263000
50685254,1764326042176,buy,3053.600000,0.150000
50685255,1764326042181,buy,3053.800000,0.004000
50685256,1764326042181,buy,3053.800000,0.021000
50685257,1764326042181,buy,3053.800000,0.021000
50685258,1764326042181,buy,3053.800000,0.021000
50685259,1764326042523,buy,3054.000000,0.027000
50685260,1764326042534,sell,3054.000000,1.610000
50685261,1764326042535,sell,3054.000000,1.637000
50685262,1764326042664,sell,3054.000000,1.310000
50685263,1764326042730,buy,3054.100000,0.021000
50685264,1764326042831,sell,3054.100000,1.643000
50685265,1764326043521,buy,3054.200000,0.150000
50685266,1764326043521,buy,3054.200000,0.008000
50685267,1764326043521,buy,3054.200000,0.021000
50685268,1764326043521,buy,3054.200000,0.021000
50685269,1764326043521,buy,3054.200000,0.021000
50685270,1764326043521,buy,3054.200000,0.021000
50685271,1764326043521,buy,3054.200000,0.021000
50685272,1764326043521,buy,3054.200000,0.021000
50685273,1764326043521,buy,3054.200000,0.021000
50685274,1764326043521,buy,3054.200000,0.021000
50685275,1764326043521,buy,3054.200000,0.012000
50685276,1764326043521,buy,3054.200000,0.021000
50685277,1764326043521,buy,3054.200000,0.021000
50685278,1764326043521,buy,3054.200000,0.021000
50685279,1764326043521,buy,3054.200000,0.021000
50685280,1764326043521,buy,3054.200000,0.021000
50685281,1764326043521,buy,3054.200000,0.021000
50685282,1764326043521,buy,3054.200000,0.021000
50685283,1764326043521,buy,3054.200000,0.021000
50685284,1764326043521,buy,3054.200000,0.021000
50685285,1764326043521,buy,3054.200000,0.021000
50685286,1764326043521,buy,3054.200000,0.021000
50685287,1764326043521,buy,3054.200000,0.021000
50685288,1764326043521,buy,3054.200000,0.021000
50685289,1764326043521,buy,3054.200000,0.021000
50685290,1764326043521,buy,3054.200000,0.021000
50685291,1764326043521,buy,3054.200000,0.021000
50685292,1764326043521,buy,3054.200000,0.021000
50685293,1764326043521,buy,3054.200000,0.021000
50685294,1764326043521,buy,3054.200000,0.012000
50685295,1764326043521,buy,3054.200000,0.021000
50685296,1764326043521,buy,3054.200000,0.021000
50685297,1764326043521,buy,3054.200000,0.021000
50685298,1764326043521,buy,3054.200000,0.021000
50685299,1764326043521,buy,3054.200000,0.021000
50685300,1764326043521,buy,3054.200000,0.021000
50685301,1764326043521,buy,3054.200000,0.021000
50685302,1764326043521,buy,3054.200000,0.021000
50685303,1764326043521,buy,3054.200000,0.021000
50685304,1764326043521,buy,3054.200000,0.021000
50685305,1764326043521,buy,3054.200000,0.021000
50685306,1764326043521,buy,3054.200000,0.021000
50685307,1764326043521,buy,3054.200000,0.021000
50685308,1764326043521,buy,3054.200000,0.021000
50685309,1764326043521,buy,3054.200000,0.021000
50685310,1764326044434,sell,3054.250000,3.592000
27571182,1764326051137,buy,3054.700000,12.862000
27571183,1764326051137,buy,3054.800000,0.042000
27571184,1764326051137,buy,3054.900000,1.658000
27571185,1764326051398,sell,3054.850000,1.071000
27571186,1764326051684,buy,3054.900000,14.562000
27571187,1764326052534,buy,3054.850000,2.481000
27571188,1764326053676,buy,3055.000000,0.125000
27571189,1764326055199,sell,3054.950000,4.182000
27571190,1764326055287,sell,3054.900000,5.044000
27571191,1764326055315,sell,3054.800000,0.483000
27571192,1764326055698,buy,3054.800000,1.636000
27571193,1764326055979,sell,3054.700000,0.014000
27571194,1764326056175,sell,3054.600000,1.637000
27571195,1764326056886,sell,3054.500000,0.588000
27571196,1764326056914,sell,3054.400000,0.054000
27571197,1764326057237,sell,3054.200000,0.579000
27571198,1764326057777,buy,3054.150000,5.259000
27571199,1764326060945,sell,3054.150000,4.985000
27571200,1764326061701,sell,3054.100000,1.309000
27571201,1764326061953,sell,3053.900000,0.005000
27571202,1764326062269,sell,3053.900000,5.003000
27571203,1764326063045,buy,3053.900000,0.537000
27571204,1764326063780,buy,3053.850000,4.493000
27571205,1764326064003,sell,3053.800000,0.158000
27571206,1764326065472,buy,3053.900000,0.158000
27571207,1764326066421,sell,3053.850000,6.325000
27571208,1764326068019,sell,3053.700000,0.420000
27571209,1764326068019,sell,3053.600000,0.042000
27571210,1764326070113,buy,3053.550000,3.322000
27571211,1764326071807,sell,3053.500000,0.001000
27571212,1764326072100,buy,3053.550000,4.417000
27571213,1764326074788,sell,3053.550000,3.195000
27571214,1764326076803,sell,3053.500000,0.158000
27571215,1764326076876,sell,3053.550000,4.298000
27571216,1764326077210,buy,3053.600000,0.158000
27571217,1764326078204,sell,3053.500000,0.003000
27571218,1764326079630,buy,3053.550000,4.530000
27571219,1764326082524,sell,3053.550000,3.761000
27571220,1764326084964,buy,3053.550000,5.493000
27571221,1764326088510,sell,3053.550000,4.503000
27571222,1764326091474,buy,3053.250000,4.254000
27571223,1764326093948,sell,3053.200000,1.074000
27571224,1764326094073,sell,3052.950000,5.684000
27571225,1764326097322,buy,3052.900000,0.142000
27571226,1764326097520,buy,3052.850000,5.621000
27571227,1764326098044,sell,3052.800000,0.483000
27571228,1764326098096,sell,3052.500000,0.003000
27571229,1764326098226,sell,3052.500000,0.693000
27571230,1764326098943,sell,3052.300000,0.223000
27571231,1764326098974,sell,3052.200000,0.021000
27571232,1764326099146,sell,3052.100000,0.097000
27571233,1764326099208,sell,3052.000000,0.231000
27571234,1764326099220,sell,3051.900000,0.504000
27571235,1764326099226,sell,3051.700000,0.843000
27571236,1764326099931,buy,3051.500000,0.015000
27571237,1764326100439,sell,3051.400000,0.021000
27571238,1764326100511,sell,3051.300000,0.021000
27571239,1764326100834,sell,3051.250000,4.550000
27571240,1764326101915,sell,3051.200000,0.063000
27571241,1764326101965,sell,3051.100000,0.273000
27571242,1764326101989,sell,3051.000000,0.189000
27571243,1764326102084,sell,3050.800000,0.210000
27571244,1764326102084,sell,3050.500000,0.021000
27571245,1764326102084,sell,3050.400000,2.892000
27571246,1764326102211,sell,3050.400000,0.030000
27571247,1764326102449,sell,3050.400000,1.636000
27571248,1764326102684,sell,3050.400000,1.309000
27571249,1764326103068,sell,3050.400000,2.550000
27571250,1764326103195,sell,3050.400000,0.071000
27571251,1764326103238,buy,3050.450000,2.519000
27571252,1764326103249,sell,3050.400000,0.669000
27571253,1764326103277,sell,3050.300000,0.063000
27571254,1764326103277,sell,3050.200000,0.008000
27571255,1764326103277,sell,3050.100000,1.519000
27571256,1764326103486,sell,3050.000000,2.000000
27571257,1764326103632,buy,3050.100000,1.639000
27571258,1764326103918,sell,3050.000000,0.934000
27571259,1764326104586,sell,3049.950000,4.284000
27571260,1764326106116,buy,3050.100000,0.021000
27571261,1764326106459,buy,3051.000000,0.655000
27571262,1764326106878,buy,3050.950000,7.202000
27571263,1764326108176,buy,3051.100000,0.105000
27571264,1764326108176,buy,3051.200000,1.639000
27571265,1764326108446,sell,3051.400000,0.654000
27571266,1764326109584,sell,3051.300000,0.012000
27571267,1764326110428,sell,3050.950000,5.022000
27571268,1764326112958,buy,3050.550000,2.768000
27571269,1764326114394,sell,3050.550000,1.532000
27571270,1764326115498,buy,3050.550000,3.198000
27571271,1764326117465,buy,3051.000000,2.000000
27571272,1764326117921,sell,3050.950000,4.821000
27571273,1764326121596,buy,3051.350000,1.601000
27571274,1764326122975,buy,3051.350000,4.101000
27571275,1764326126596,sell,3051.350000,2.387000
27571276,1764326128722,sell,3051.350000,1.241000
27571277,1764326129864,sell,3051.350000,3.824000
27571278,1764326132899,sell,3051.200000,0.017000
27571279,1764326132936,sell,3050.900000,0.232000
27571280,1764326132936,sell,3050.600000,1.998000
27571281,1764326132939,sell,3050.100000,0.118000
27571282,1764326132939,sell,3050.000000,0.021000
27571283,1764326132939,sell,3049.900000,2.063000
27571284,1764326132955,sell,3049.800000,1.144000
27571285,1764326133320,buy,3049.850000,2.867000
27571286,1764326133436,buy,3049.900000,0.159000
27571287,1764326134042,buy,3050.000000,0.538000
27571288,1764326134892,buy,3050.250000,5.101000
27571289,1764326137558,sell,3050.250000,5.146000
27571290,1764326140238,buy,3050.260000,4.114000
27571291,1764326140374,sell,3050.400000,0.241000
27571292,1764326142385,sell,3050.650000,6.991000
27571293,1764326145970,buy,3050.660000,2.302000
27571294,1764326147130,buy,3050.660000,2.095000
27571295,1764326148200,sell,3050.670000,2.099000
27571296,1764326148488,buy,3050.700000,1.638000
27571297,1764326149291,buy,3050.750000,4.888000
27571298,1764326151790,sell,3050.740000,7.199000
27571299,1764326155711,buy,3050.740000,5.900000
27571300,1764326159062,sell,3050.450000,3.146000
27571301,1764326161022,buy,3049.850000,3.598000
27571302,1764326162838,sell,3050.000000,3.290000
27571303,1764326163094,sell,3050.000000,1.639000
27571304,1764326163312,sell,3050.050000,3.548000
27571305,1764326165659,buy,3050.050000,5.315000
27571306,1764326165913,buy,3050.100000,4.936000
27571307,1764326166195,buy,3050.400000,0.747000
27571308,1764326166259,buy,3050.500000,0.147000
27571309,1764326166259,buy,3050.800000,0.508000
27571310,1764326169310,sell,3050.800000,1.672000
27571311,1764326170546,sell,3050.800000,2.661000
27571312,1764326171857,buy,3050.800000,1.416000
27571313,1764326172499,sell,3051.150000,2.117000
27571314,1764326173830,buy,3051.150000,3.134000
27571315,1764326174112,sell,3051.000000,0.013000
27571316,1764326175830,sell,3050.650000,4.920000
27571317,1764326179088,buy,3050.550000,4.255000
27571318,1764326179379,buy,3050.600000,0.222000
27571319,1764326181654,sell,3050.500000,0.441000
27571320,1764326181994,sell,3050.450000,5.269000
27571321,1764326185515,buy,3050.450000,4.195000
27571322,1764326188326,buy,3050.450000,3.862000
50685918,1764326148488,buy,3050.700000,0.201000
50685919,1764326148488,buy,3050.700000,0.775000
50685920,1764326148488,buy,3050.700000,0.662000
50685921,1764326149291,buy,3050.750000,4.888000
50685922,1764326151790,sell,3050.740000,7.199000
50685923,1764326155711,buy,3050.740000,5.900000
50685924,1764326159062,sell,3050.450000,3.146000
50685925,1764326161022,buy,3049.850000,3.598000
50685926,1764326162838,sell,3050.000000,0.473000
50685927,1764326162838,sell,3050.000000,1.178000
50685928,1764326162896,sell,3050.000000,0.114000
50685929,1764326162896,sell,3050.000000,1.525000
50685930,1764326163094,sell,3050.000000,1.639000
50685931,1764326163312,sell,3050.050000,3.548000
50685932,1764326165659,buy,3050.050000,5.315000
50685933,1764326165913,buy,3050.100000,1.658000
50685934,1764326165913,buy,3050.100000,0.342000
50685935,1764326165920,buy,3050.100000,1.297000
50685936,1764326165920,buy,3050.100000,0.703000
50685937,1764326165923,buy,3050.100000,0.936000
50685938,1764326166195,buy,3050.400000,0.021000
50685939,1764326166195,buy,3050.400000,0.021000
50685940,1764326166195,buy,3050.400000,0.021000
50685941,1764326166195,buy,3050.400000,0.021000
50685942,1764326166195,buy,3050.400000,0.021000
50685943,1764326166195,buy,3050.400000,0.021000
50685944,1764326166195,buy,3050.400000,0.021000
50685945,1764326166195,buy,3050.400000,0.021000
50685946,1764326166195,buy,3050.400000,0.021000
50685947,1764326166195,buy,3050.400000,0.021000
50685948,1764326166195,buy,3050.400000,0.012000
50685949,1764326166195,buy,3050.400000,0.042000
50685950,1764326166195,buy,3050.400000,0.042000
50685951,1764326166195,buy,3050.400000,0.042000
50685952,1764326166195,buy,3050.400000,0.021000
50685953,1764326166195,buy,3050.400000,0.021000
50685954,1764326166195,buy,3050.400000,0.021000
50685955,1764326166195,buy,3050.400000,0.021000
50685956,1764326166195,buy,3050.400000,0.021000
50685957,1764326166195,buy,3050.400000,0.021000
50685958,1764326166195,buy,3050.400000,0.021000
50685959,1764326166195,buy,3050.400000,0.021000
50685960,1764326166195,buy,3050.400000,0.021000
50685961,1764326166195,buy,3050.400000,0.021000
50685962,1764326166195,buy,3050.400000,0.021000
50685963,1764326166195,buy,3050.400000,0.021000
50685964,1764326166195,buy,3050.400000,0.021000
50685965,1764326166195,buy,3050.400000,0.021000
50685966,1764326166195,buy,3050.400000,0.021000
50685967,1764326166195,buy,3050.400000,0.021000
50685968,1764326166195,buy,3050.400000,0.021000
50685969,1764326166195,buy,3050.400000,0.021000
50685970,1764326166195,buy,3050.400000,0.021000
50685971,1764326166259,buy,3050.500000,0.021000
50685972,1764326166259,buy,3050.500000,0.021000
50685973,1764326166259,buy,3050.500000,0.021000
50685974,1764326166259,buy,3050.500000,0.021000
50685975,1764326166259,buy,3050.500000,0.021000
50685976,1764326166259,buy,3050.500000,0.021000
50685977,1764326166259,buy,3050.500000,0.021000
50685978,1764326166259,buy,3050.800000,0.508000
50685979,1764326169310,sell,3050.800000,1.672000
50685980,1764326170546,sell,3050.800000,2.661000
50685981,1764326171857,buy,3050.800000,0.021000
50685982,1764326171857,buy,3050.800000,0.021000
50685983,1764326171857,buy,3050.800000,0.021000
50685984,1764326171857,buy,3050.800000,0.021000
50685985,1764326171857,buy,3050.800000,0.021000
50685986,1764326171857,buy,3050.800000,1.311000
50685987,1764326172499,sell,3051.150000,2.117000
50685988,1764326173830,buy,3051.150000,3.134000
50685989,1764326174112,sell,3051.000000,0.013000
50685990,1764326175830,sell,3050.650000,4.920000
50685991,1764326179088,buy,3050.550000,4.255000
50685992,1764326179379,buy,3050.600000,0.222000
50685993,1764326181654,sell,3050.500000,0.021000
50685994,1764326181654,sell,3050.500000,0.021000
50685995,1764326181654,sell,3050.500000,0.042000
50685996,1764326181654,sell,3050.500000,0.042000
50685997,1764326181654,sell,3050.500000,0.021000
50685998,1764326181654,sell,3050.500000,0.021000
50685999,1764326181654,sell,3050.500000,0.021000
50686000,1764326181654,sell,3050.500000,0.021000
50686001,1764326181654,sell,3050.500000,0.021000
50686002,1764326181654,sell,3050.500000,0.021000
50686003,1764326181654,sell,3050.500000,0.042000
50686004,1764326181654,sell,3050.500000,0.021000
50686005,1764326181654,sell,3050.500000,0.021000
50686006,1764326181654,sell,3050.500000,0.021000
50686007,1764326181654,sell,3050.500000,0.021000
50686008,1764326181654,sell,3050.500000,0.021000
50686009,1764326181654,sell,3050.500000,0.042000
50686010,1764326181994,sell,3050.450000,5.269000
50686011,1764326185515,buy,3050.450000,4.195000
50686012,1764326188326,buy,3050.450000,3.862000
50686013,1764326190949,sell,3050.450000,4.388000
50686014,1764326193592,buy,3050.200000,0.178000
50686015,1764326193803,buy,3050.300000,0.013000
50686016,1764326193867,buy,3050.550000,1.747000
50686017,1764326196237,sell,3050.550000,2.388000
27571328,1764326199606,buy,3050.550000,0.881000
27571329,1764326200867,buy,3050.550000,1.549000
27571330,1764326200966,buy,3050.600000,0.037000
27571331,1764326203121,sell,3050.590000,2.768000
27571332,1764326207007,buy,3050.590000,2.258000
27571333,1764326210293,sell,3050.590000,1.025000
27571334,1764326211773,buy,3050.590000,0.999000
27571335,1764326213219,sell,3050.590000,0.892000
27571336,1764326214527,buy,3050.850000,2.762000
27571337,1764326217717,sell,3051.100000,0.458000
27571338,1764326218548,sell,3050.950000,0.840000
27571339,1764326219824,sell,3050.950000,0.775000
27571340,1764326219915,buy,3051.000000,0.004000
27571341,1764326220986,sell,3050.650000,1.709000
27571342,1764326222628,buy,3050.700000,1.639000
27571343,1764326222841,sell,3050.600000,0.775000
27571344,1764326222933,buy,3050.600000,1.658000
27571345,1764326223089,buy,3050.600000,1.639000
27571346,1764326223306,buy,3050.600000,1.311000
27571347,1764326223399,buy,3050.550000,1.454000
27571348,1764326224411,sell,3050.500000,0.003000
27571349,1764326225136,sell,3050.550000,3.120000
27571350,1764326225565,buy,3050.600000,0.748000
27571351,1764326225685,buy,3050.600000,1.336000
27571352,1764326226173,buy,3050.600000,1.550000
27571353,1764326226891,buy,3050.600000,0.104000
27571354,1764326227041,buy,3050.600000,0.029000
27571355,1764326227275,buy,3050.600000,0.034000
27571356,1764326227411,buy,3050.600000,0.275000
27571357,1764326227723,buy,3050.600000,0.417000
27571358,1764326228130,buy,3050.600000,0.010000
27571359,1764326228616,buy,3050.600000,0.655000
27571360,1764326228802,buy,3050.600000,1.863000
27571361,1764326231144,buy,3050.750000,1.202000
27571362,1764326232661,sell,3050.760000,0.777000
27571363,1764326232862,buy,3050.800000,0.052000
27571364,1764326233995,buy,3050.750000,1.050000
27571365,1764326235795,sell,3050.950000,1.133000
27571366,1764326237682,buy,3050.950000,2.323000
27571367,1764326241535,sell,3051.150000,1.098000
27571368,1764326243480,sell,3051.110000,1.621000
50686018,1764326199606,buy,3050.550000,0.881000
50686019,1764326200867,buy,3050.550000,1.549000
50686020,1764326200966,buy,3050.600000,0.037000
50686021,1764326203121,sell,3050.590000,2.768000
50686022,1764326207007,buy,3050.590000,2.258000
50686023,1764326210293,sell,3050.590000,1.025000
50686024,1764326211773,buy,3050.590000,0.999000
50686025,1764326213219,sell,3050.590000,0.892000
50686026,1764326214527,buy,3050.850000,2.762000
50686027,1764326217717,sell,3051.100000,0.458000
50686028,1764326218548,sell,3050.950000,0.840000
50686029,1764326219824,sell,3050.950000,0.775000
50686030,1764326219915,buy,3051.000000,0.004000
50686031,1764326220986,sell,3050.650000,1.709000
50686032,1764326222628,buy,3050.700000,0.234000
50686033,1764326222628,buy,3050.700000,1.405000
50686034,1764326222841,sell,3050.600000,0.775000
50686035,1764326222933,buy,3050.600000,1.658000
50686036,1764326223089,buy,3050.600000,1.639000
50686037,1764326223306,buy,3050.600000,1.311000
50686038,1764326223399,buy,3050.550000,1.454000
50686039,1764326224411,sell,3050.500000,0.003000
50686040,1764326225136,sell,3050.550000,3.120000
50686041,1764326225565,buy,3050.600000,0.187000
50686042,1764326225566,buy,3050.600000,0.187000
50686043,1764326225652,buy,3050.600000,0.187000
50686044,1764326225654,buy,3050.600000,0.187000
50686045,1764326225685,buy,3050.600000,0.187000
50686046,1764326225686,buy,3050.600000,0.187000
50686047,1764326225687,buy,3050.600000,0.187000
50686048,1764326225752,buy,3050.600000,0.330000
50686049,1764326225752,buy,3050.600000,0.445000
50686050,1764326226173,buy,3050.600000,0.775000
50686051,1764326226239,buy,3050.600000,0.419000
50686052,1764326226239,buy,3050.600000,0.356000
50686053,1764326226891,buy,3050.600000,0.013000
50686054,1764326226892,buy,3050.600000,0.013000
50686055,1764326226894,buy,3050.600000,0.013000
50686056,1764326226897,buy,3050.600000,0.013000
50686057,1764326226898,buy,3050.600000,0.013000
50686058,1764326226928,buy,3050.600000,0.013000
50686059,1764326226928,buy,3050.600000,0.013000
50686060,1764326226930,buy,3050.600000,0.013000
50686061,1764326227041,buy,3050.600000,0.013000
50686062,1764326227083,buy,3050.600000,0.013000
50686063,1764326227111,buy,3050.600000,0.003000
50686064,1764326227275,buy,3050.600000,0.034000
50686065,1764326227411,buy,3050.600000,0.013000
50686066,1764326227412,buy,3050.600000,0.034000
50686067,1764326227505,buy,3050.600000,0.076000
50686068,1764326227505,buy,3050.600000,0.076000
50686069,1764326227506,buy,3050.600000,0.076000
50686070,1764326227723,buy,3050.600000,0.139000
50686071,1764326227723,buy,3050.600000,0.139000
50686072,1764326227724,buy,3050.600000,0.139000
50686073,1764326228130,buy,3050.600000,0.010000
50686074,1764326228616,buy,3050.600000,0.433000
50686075,1764326228616,buy,3050.600000,0.222000
50686076,1764326228802,buy,3050.600000,1.863000
50686077,1764326231144,buy,3050.750000,1.202000
50686078,1764326232661,sell,3050.760000,0.777000
50686079,1764326232862,buy,3050.800000,0.013000
50686080,1764326232872,buy,3050.800000,0.013000
50686081,1764326232872,buy,3050.800000,0.013000
50686082,1764326232874,buy,3050.800000,0.013000
50686083,1764326233995,buy,3050.750000,1.050000
50686084,1764326235795,sell,3050.950000,1.133000
50686085,1764326237682,buy,3050.950000,2.323000
50686086,1764326241535,sell,3051.150000,1.098000
50686087,1764326243480,sell,3051.110000,1.621000
50686088,1764326244684,buy,3051.200000,0.021000
50686089,1764326244684,buy,3051.200000,0.021000
50686090,1764326244684,buy,3051.200000,0.021000
50686091,1764326244684,buy,3051.200000,0.042000
50686092,1764326244684,buy,3051.200000,0.021000
50686093,1764326244684,buy,3051.200000,0.021000
50686094,1764326244684,buy,3051.200000,0.021000
50686095,1764326244684,buy,3051.200000,0.021000
50686096,1764326246357,buy,3051.250000,1.207000
27571372,1764326249466,sell,3051.000000,0.654000
27571373,1764326251622,buy,3051.050000,1.007000
27571374,1764326253427,buy,3051.090000,1.871000
27571375,1764326256846,sell,3051.090000,0.872000
27571376,1764326258572,sell,3051.090000,1.104000
27571377,1764326260946,buy,3051.090000,0.848000
27571378,1764326261582,buy,3051.100000,3.000000
27571379,1764326262838,sell,3051.100000,1.683000
27571380,1764326266595,buy,3051.100000,0.815000
27571381,1764326268419,buy,3050.850000,1.416000
27571382,1764326270993,buy,3050.900000,3.000000
27571383,1764326271489,sell,3050.650000,1.512000
27571384,1764326274690,buy,3050.650000,1.125000
27571385,1764326277119,buy,3050.700000,2.711000
27571386,1764326277132,sell,3050.750000,1.461000
27571387,1764326280189,buy,3050.950000,1.641000
27571388,1764326282106,buy,3051.000000,1.900000
27571389,1764326282145,buy,3051.100000,3.036000
27571390,1764326282418,buy,3051.100000,0.261000
27571391,1764326283537,sell,3051.050000,0.413000
27571392,1764326283784,sell,3051.000000,0.071000
27571393,1764326284902,buy,3051.050000,0.857000
27571394,1764326287548,sell,3051.040000,0.889000
27571395,1764326288377,buy,3051.200000,0.243000
27571396,1764326288863,buy,3051.300000,0.684000
27571397,1764326290597,buy,3051.350000,1.015000
27571398,1764326291019,sell,3051.300000,8.372000
27571399,1764326291667,sell,3051.200000,10.000000
27571400,1764326291964,sell,3051.200000,0.200000
27571401,1764326292992,buy,3051.200000,0.120000
27571402,1764326293559,sell,3051.150000,0.680000
27571403,1764326294526,sell,3051.000000,0.015000
27571404,1764326295502,sell,3051.050000,1.319000
27571405,1764326295706,sell,3051.000000,0.271000
27571406,1764326299085,buy,3051.020000,1.304000
27571407,1764326302687,sell,3051.020000,1.064000
27571408,1764326305630,buy,3051.350000,0.914000
27571409,1764326307790,sell,3051.300000,0.100000
27571410,1764326308140,sell,3051.350000,0.885000
27571411,1764326310522,buy,3051.350000,1.117000
27571412,1764326313382,sell,3051.350000,1.085000
27571413,1764326316150,buy,3051.350000,0.766000
27571414,1764326318108,buy,3051.350000,1.540000
27571415,1764326322044,sell,3051.350000,0.697000
27571416,1764326322266,sell,3051.300000,2.638000
27571417,1764326322284,sell,3051.200000,0.018000
27571418,1764326323318,sell,3051.150000,1.919000
27571419,1764326326826,buy,3051.170000,1.173000
27571420,1764326328559,sell,3051.100000,0.552000
27571421,1764326329042,sell,3051.160000,1.860000
27571422,1764326332544,buy,3051.160000,1.172000
27571423,1764326334786,buy,3051.160000,1.405000
27571424,1764326335516,buy,3051.200000,0.251000
27571425,1764326335516,buy,3051.300000,0.271000
27571426,1764326337472,sell,3051.350000,1.780000
27571427,1764326340894,buy,3051.340000,1.407000
27571428,1764326342570,sell,3051.300000,1.310000
27571429,1764326343021,sell,3051.300000,1.638000
27571430,1764326343647,sell,3051.350000,0.941000
27571431,1764326345438,buy,3051.330000,0.735000
27571432,1764326346860,sell,3051.340000,1.449000
27571433,1764326349581,buy,3051.250000,1.030000
27571434,1764326351749,buy,3051.250000,1.380000
27571435,1764326352143,sell,3051.200000,0.542000
27571436,1764326354592,sell,3051.240000,1.596000
27571437,1764326354830,sell,3051.200000,3.000000
27571438,1764326358156,buy,3051.200000,1.270000
27571439,1764326361159,sell,3051.200000,0.740000
27571440,1764326362914,sell,3051.350000,0.929000
27571441,1764326364472,sell,3051.300000,3.000000
27571442,1764326364997,buy,3051.350000,1.181000
27571443,1764326367754,sell,3051.350000,1.237000
27571444,1764326370653,buy,3051.350000,1.398000
27571445,1764326374140,sell,3051.350000,0.590000
27571446,1764326374462,buy,3051.600000,1.893000
27571447,1764326374799,buy,3051.700000,0.065000
27571448,1764326375635,buy,3051.850000,0.765000
27571449,1764326376505,buy,3051.900000,0.147000
27571450,1764326376605,buy,3052.000000,0.360000
27571451,1764326377303,sell,3052.150000,1.245000
27571452,1764326377317,buy,3052.200000,1.029000
27571453,1764326379931,buy,3052.250000,1.746000
27571454,1764326382306,buy,3052.300000,0.071000
27571455,1764326383469,sell,3052.270000,1.261000
27571456,1764326387202,buy,3052.270000,1.254000
27571457,1764326390233,sell,3052.270000,0.447000
27571458,1764326391337,sell,3052.270000,1.211000
27571459,1764326394136,buy,3052.270000,0.528000
27571460,1764326395345,sell,3052.270000,1.075000
27571461,1764326397806,buy,3052.270000,0.967000
27571462,1764326398139,buy,3052.300000,0.010000
27571463,1764326400095,buy,3052.280000,1.301000
27571464,1764326401904,sell,3052.500000,0.542000
27571465,1764326403081,sell,3052.550000,0.714000
27571466,1764326403276,buy,3052.600000,11.005000
27571467,1764326404663,sell,3052.750000,1.668000
27571468,1764326406429,sell,3052.700000,0.320000
27571469,1764326408363,buy,3052.720000,0.556000
27571470,1764326409544,buy,3052.710000,0.679000
27571471,1764326410938,sell,3052.710000,0.875000
27571472,1764326412259,buy,3052.800000,0.289000
27571473,1764326412756,buy,3052.710000,0.800000
27571474,1764326414284,sell,3052.740000,0.841000
27571475,1764326415745,buy,3052.740000,1.407000
27571476,1764326418181,sell,3052.740000,2.372000
27571477,1764326421146,sell,3052.700000,0.102000
27571478,1764326421275,sell,3052.700000,2.845000
27571479,1764326421365,sell,3052.600000,0.017000
27571480,1764326421365,sell,3052.400000,1.599000
27571481,1764326421481,sell,3052.100000,0.010000
27571482,1764326422148,buy,3052.150000,0.899000
27571483,1764326423377,buy,3052.150000,2.496000
27571484,1764326423673,buy,3052.200000,0.200000
27571485,1764326423926,sell,3052.100000,1.637000
27571486,1764326426569,sell,3052.100000,2.413000
27571487,1764326426730,sell,3052.050000,0.766000
27571488,1764326427783,sell,3052.050000,2.829000
27571489,1764326431618,buy,3052.050000,2.927000
27571490,1764326435453,sell,3051.950000,2.102000
27571491,1764326438211,buy,3052.000000,0.003000
27571492,1764326438379,buy,3051.950000,1.999000
27571493,1764326440939,sell,3051.900000,0.587000
27571494,1764326441242,sell,3051.950000,2.210000
27571495,1764326444534,buy,3051.950000,1.776000
27571496,1764326447363,sell,3051.950000,2.441000
27571497,1764326451334,buy,3051.950000,1.467000
27571498,1764326453688,buy,3051.950000,0.731000
27571499,1764326454887,sell,3051.950000,0.806000
27571500,1764326456198,buy,3051.950000,2.086000
27571501,1764326459531,sell,3051.950000,2.267000
27571502,1764326461492,buy,3052.000000,0.065000
27571503,1764326463082,sell,3051.600000,1.310000
27571504,1764326463125,buy,3051.650000,1.215000
27571505,1764326463899,sell,3051.600000,1.638000
27571506,1764326464271,buy,3051.700000,0.150000
27571507,1764326464845,sell,3051.650000,1.600000
27571508,1764326466976,buy,3051.650000,0.746000
27571509,1764326468017,buy,3051.650000,2.886000
27571510,1764326468441,buy,3051.800000,0.013000
27571511,1764326468617,buy,3052.000000,1.957000
27571512,1764326468893,buy,3052.200000,1.659000
27571513,1764326472032,sell,3052.250000,3.441000
27571514,1764326473711,buy,3052.300000,0.096000
27571515,1764326475866,buy,3052.410000,2.927000
27571516,1764326479327,sell,3052.450000,2.202000
27571517,1764326480392,buy,3052.500000,2.000000
27571518,1764326481028,buy,3052.500000,0.399000
27571519,1764326481139,buy,3052.500000,1.869000
27571520,1764326481314,buy,3052.500000,0.336000
27571521,1764326481429,buy,3052.500000,0.309000
27571522,1764326481429,buy,3052.600000,0.027000
27571523,1764326481554,buy,3052.600000,0.309000
27571524,1764326481920,buy,3052.800000,1.561000
27571525,1764326484052,sell,3052.750000,1.914000
27571526,1764326486539,buy,3052.750000,2.996000
27571527,1764326490486,sell,3052.750000,2.858000
27571528,1764326492553,sell,3052.700000,1.947000
27571529,1764326494078,buy,3052.650000,1.728000
27571530,1764326495235,sell,3052.400000,1.221000
27571531,1764326495235,sell,3052.300000,3.198000
27571532,1764326495379,sell,3052.100000,0.021000
27571533,1764326495505,sell,3051.900000,0.097000
27571534,1764326495505,sell,3051.700000,2.038000
27571535,1764326495507,sell,3051.500000,0.705000
27571536,1764326496107,sell,3051.550000,2.618000
27571537,1764326498696,buy,3051.550000,1.615000
27571538,1764326500295,sell,3051.550000,1.342000
27571539,1764326501593,buy,3051.550000,1.912000
27571540,1764326503429,sell,3051.550000,1.866000
27571541,1764326505239,buy,3051.550000,3.747000
27571542,1764326505762,buy,3051.600000,3.000000
27571543,1764326506244,buy,3051.600000,1.966000
27571544,1764326506485,buy,3051.700000,0.013000
27571545,1764326508887,sell,3051.970000,3.142000
27571546,1764326511592,buy,3051.950000,2.480000
27571547,1764326512084,buy,3052.000000,3.000000
27571548,1764326513742,sell,3051.850000,4.635000
27571549,1764326517661,buy,3051.850000,1.936000
27571550,1764326519339,buy,3051.850000,3.389000
27571551,1764326522285,sell,3051.880000,2.649000
27571552,1764326523644,buy,3051.900000,1.966000
27571553,1764326524520,buy,3051.900000,1.310000
27571554,1764326524625,buy,3051.900000,1.965000
27571555,1764326524699,sell,3051.890000,3.103000
27571556,1764326525210,buy,3051.900000,1.638000
27571557,1764326527829,buy,3051.900000,3.943000
27571558,1764326528564,sell,3051.800000,3.000000
27571559,1764326530467,sell,3051.500000,0.380000
27571560,1764326531853,sell,3051.550000,2.529000
27571561,1764326533696,sell,3051.500000,3.000000
27571562,1764326534797,buy,3051.550000,1.827000
27571563,1764326537002,sell,3051.550000,1.480000
27571564,1764326538761,buy,3051.550000,1.234000
27571565,1764326540126,sell,3051.500000,3.000000
27571566,1764326540200,buy,3051.600000,0.158000
27571567,1764326540260,buy,3051.550000,1.733000
27571568,1764326541726,sell,3051.300000,0.158000
27571569,1764326542286,buy,3051.400000,1.533000
27571570,1764326542390,sell,3051.350000,1.696000
27571571,1764326542510,buy,3051.400000,2.813000
27571572,1764326544617,sell,3051.350000,1.173000
27571573,1764326546196,buy,3051.350000,1.693000
27571574,1764326548447,sell,3051.350000,1.265000
27571575,1764326550120,buy,3051.350000,2.509000
27571576,1764326551710,sell,3051.300000,0.010000
27571577,1764326553011,buy,3051.100000,0.166000
27571578,1764326553404,sell,3051.000000,0.166000
27571579,1764326553655,sell,3051.050000,1.010000
27571580,1764326555052,buy,3051.100000,3.277000
27571581,1764326555102,sell,3051.250000,2.608000
27571582,1764326555315,buy,3051.300000,1.639000
27571583,1764326555573,buy,3051.300000,0.327000
27571584,1764326555680,buy,3051.400000,0.185000
27571585,1764326555985,buy,3051.600000,1.765000
27571586,1764326556762,sell,3051.600000,0.017000
27571587,1764326557726,buy,3051.700000,0.042000
27571588,1764326557783,buy,3051.800000,0.894000
27571589,1764326558144,buy,3052.000000,0.474000
27571590,1764326558206,buy,3052.100000,0.065000
27571591,1764326559098,buy,3052.200000,4.088000
27571592,1764326559145,buy,3052.150000,2.855000
27571593,1764326561712,buy,3052.200000,0.003000
27571594,1764326562787,sell,3052.170000,1.750000
27571595,1764326565147,buy,3052.180000,1.155000
27571596,1764326566596,sell,3052.180000,1.826000
27571597,1764326569056,buy,3052.180000,0.803000
27571598,1764326570093,buy,3052.200000,0.100000
27571599,1764326570184,buy,3052.180000,1.337000
27571600,1764326572069,sell,3052.180000,1.619000
27571601,1764326574484,buy,3052.180000,2.431000
27571602,1764326578068,sell,3052.250000,2.689000
27571603,1764326578484,buy,3052.400000,1.515000
27571604,1764326578723,buy,3052.700000,0.065000
27571605,1764326578790,buy,3052.800000,2.301000
27571606,1764326581688,buy,3052.950000,1.654000
27571607,1764326583284,buy,3052.600000,1.311000
27571608,1764326583530,buy,3052.600000,1.966000
27571609,1764326583824,buy,3052.600000,1.966000
27571610,1764326583863,sell,3052.550000,2.517000
27571611,1764326586984,buy,3052.550000,2.069000
27571612,1764326589570,sell,3052.600000,1.991000
27571613,1764326592063,buy,3052.590000,1.532000
27571614,1764326592284,sell,3052.500000,0.294000
27571615,1764326594147,buy,3052.250000,2.047000
27571616,1764326596392,buy,3052.300000,0.936000
27571617,1764326597056,sell,3052.250000,1.555000
27571618,1764326599286,sell,3052.250000,2.569000
27571619,1764326602971,buy,3052.250000,2.038000
27571620,1764326605911,buy,3052.250000,1.988000
27571621,1764326608678,sell,3052.250000,0.872000
27571622,1764326609913,sell,3052.250000,1.939000
27571623,1764326612592,buy,3052.250000,2.217000
27571624,1764326615689,sell,3052.270000,0.599000
27571625,1764326616784,sell,3052.270000,0.997000
27571626,1764326618415,buy,3052.270000,1.196000
27571627,1764326620755,sell,3052.270000,0.949000
27571628,1764326622625,buy,3052.270000,0.909000
27571629,1764326624446,sell,3052.270000,1.684000
27571630,1764326626105,sell,3052.200000,8.516000
27571631,1764326626137,sell,3052.000000,0.221000
27571632,1764326626252,sell,3051.800000,1.998000
27571633,1764326626789,sell,3051.300000,0.097000
27571634,1764326626789,sell,3051.200000,0.003000
27571635,1764326627149,sell,3051.200000,0.470000
27571636,1764326627793,buy,3051.250000,1.317000
27571637,1764326630289,sell,3051.250000,1.870000
27571638,1764326633624,buy,3051.650000,2.281000
27571639,1764326637326,sell,3051.650000,1.874000
27571640,1764326640442,buy,3051.650000,1.190000
27571641,1764326642006,sell,3051.900000,1.638000
27571642,1764326642145,sell,3051.900000,3.275000
27571643,1764326642531,sell,3051.900000,1.965000
27571644,1764326642712,buy,3051.950000,0.733000
27571645,1764326644130,sell,3051.950000,0.940000
27571646,1764326645961,buy,3051.920000,1.094000
27571647,1764326648080,sell,3051.940000,2.019000
27571648,1764326648799,buy,3052.000000,1.026000
27571649,1764326651889,buy,3051.980000,1.718000
27571650,1764326655158,sell,3052.000000,1.188000
27571651,1764326657437,buy,3051.950000,1.987000
27571652,1764326661203,sell,3051.850000,1.160000
27571653,1764326663135,sell,3051.850000,2.066000
27571654,1764326664239,sell,3051.800000,0.017000
27571655,1764326664352,sell,3051.200000,0.030000
27571656,1764326666624,buy,3051.250000,1.165000
27571657,1764326668174,buy,3051.250000,1.111000
27571658,1764326669581,sell,3051.250000,2.688000
27571659,1764326672908,buy,3051.250000,3.000000
27571660,1764326676578,sell,3051.250000,1.272000
27571661,1764326678308,buy,3051.250000,2.376000
27571662,1764326679955,sell,3051.200000,3.278000
27571663,1764326681460,sell,3051.250000,1.751000
27571664,1764326683836,buy,3051.250000,1.901000
27571665,1764326686335,sell,3051.250000,2.367000
27571666,1764326687847,sell,3051.200000,0.007000
27571667,1764326688583,sell,3051.200000,0.017000
27571668,1764326689659,buy,3051.250000,2.639000
27571669,1764326693391,sell,3051.250000,0.685000
27571670,1764326694457,sell,3051.250000,0.653000
27571671,1764326695490,sell,3051.250000,1.026000
27571672,1764326697100,buy,3051.250000,1.414000
27571673,1764326698126,sell,3050.700000,0.110000
27571674,1764326699319,sell,3050.750000,3.396000
27571675,1764326699681,sell,3050.700000,0.537000
27571676,1764326701857,buy,3050.500000,1.311000
27571677,1764326702122,buy,3050.800000,0.655000
27571678,1764326702274,buy,3050.800000,0.051000
27571679,1764326702651,buy,3050.800000,2.898000
27571680,1764326703006,buy,3051.150000,2.375000
27571681,1764326704046,sell,3051.100000,1.638000
27571682,1764326704370,buy,3051.200000,1.311000
27571683,1764326705042,buy,3051.200000,1.638000
27571684,1764326705208,buy,3051.200000,1.966000
27571685,1764326705314,sell,3051.120000,4.185000
27571686,1764326706655,buy,3051.200000,3.276000
27571687,1764326709241,buy,3051.200000,1.638000
27571688,1764326709285,buy,3051.150000,3.350000
27571689,1764326711248,sell,3051.000000,0.016000
27571690,1764326711355,sell,3050.400000,0.080000
27571691,1764326711579,buy,3050.500000,0.125000
27571692,1764326712473,buy,3050.450000,4.561000
27571693,1764326715182,sell,3050.450000,4.923000
27571694,1764326718131,buy,3050.450000,3.635000
27571695,1764326720304,sell,3050.450000,6.482000
27571696,1764326721238,buy,3050.500000,0.205000
27571697,1764326724181,buy,3050.450000,3.461000
27571698,1764326726437,buy,3050.500000,2.757000
27571699,1764326728042,buy,3050.500000,2.001000
27571700,1764326728220,sell,3050.490000,5.355000
27571701,1764326728461,buy,3050.500000,6.848000
27571702,1764326728465,buy,3050.600000,0.331000
27571703,1764326728736,sell,3051.100000,0.125000
27571704,1764326729238,sell,3051.100000,1.000000
27571705,1764326731571,buy,3051.150000,3.034000
27571706,1764326732290,buy,3051.400000,3.604000
27571707,1764326733284,buy,3051.400000,4.897000
27571708,1764326733284,buy,3051.500000,26.761000
27571709,1764326733491,sell,3051.450000,5.557000
27571710,1764326733983,sell,3051.400000,1.000000
27571711,1764326736882,buy,3051.420000,2.336000
27571712,1764326738289,buy,3051.410000,3.328000
27571713,1764326740184,sell,3051.400000,0.344000
27571714,1764326740303,sell,3051.420000,2.714000
27571715,1764326741942,buy,3051.550000,1.967000
27571716,1764326743140,buy,3051.550000,2.282000
27571717,1764326744493,sell,3052.050000,3.702000
27571718,1764326746446,buy,3052.250000,6.113000
27571719,1764326747772,sell,3052.200000,3.312000
27571720,1764326749742,sell,3052.050000,7.083000
27571721,1764326753439,buy,3052.100000,4.451000
27571722,1764326755794,sell,3052.090000,4.867000
27571723,1764326757720,sell,3051.900000,0.013000
27571724,1764326758354,buy,3051.450000,4.493000
27571725,1764326760960,sell,3051.250000,6.268000
27571726,1764326764121,buy,3051.100000,1.639000
27571727,1764326764502,buy,3051.100000,1.639000
27571728,1764326764509,buy,3051.050000,1.767000
27571729,1764326764958,buy,3051.100000,1.966000
27571730,1764326765118,buy,3051.100000,1.966000
27571731,1764326765282,buy,3051.100000,3.100000
27571732,1764326765619,buy,3051.050000,6.532000
27571733,1764326767768,sell,3050.900000,0.201000
27571734,1764326769636,sell,3050.550000,1.692000
27571735,1764326770443,sell,3050.500000,0.294000
27571736,1764326770687,sell,3050.450000,5.442000
27571737,1764326770802,sell,3050.400000,0.042000
27571738,1764326773897,sell,3050.200000,0.747000
27571739,1764326773897,sell,3050.100000,0.294000
27571740,1764326773899,sell,3050.000000,0.579000
27571741,1764326773912,sell,3049.900000,1.966000
27571742,1764326773933,sell,3049.800000,3.615000
27571743,1764326773986,buy,3049.650000,4.686000
27571744,1764326773997,sell,3049.600000,0.174000
27571745,1764326774254,buy,3049.700000,0.125000
27571746,1764326776758,sell,3049.650000,2.743000
27571747,1764326777740,sell,3049.600000,21.204000
27571748,1764326777741,sell,3049.500000,0.150000
27571749,1764326777741,sell,3049.400000,0.042000
27571750,1764326777741,sell,3049.300000,20.042000
27571751,1764326778356,buy,3049.350000,4.504000
27571752,1764326780808,buy,3049.400000,0.030000
27571753,1764326780898,sell,3049.350000,3.520000
27571754,1764326781193,buy,3049.400000,2.868000
27571755,1764326782901,buy,3049.450000,3.996000
27571756,1764326783180,buy,3049.500000,0.029000
27571757,1764326785070,buy,3049.500000,1.966000
27571758,1764326785205,sell,3049.470000,3.757000
27571759,1764326787260,sell,3049.400000,0.100000
27571760,1764326787394,buy,3049.450000,2.552000
27571761,1764326787801,sell,3049.400000,0.125000
27571762,1764326788848,sell,3049.450000,1.874000
27571763,1764326789934,buy,3049.450000,5.345000
27571764,1764326790061,sell,3049.400000,1.639000
27571765,1764326790853,buy,3049.200000,0.032000
27571766,1764326792927,sell,3049.150000,3.147000
27571767,1764326794730,sell,3049.150000,6.551000
27571768,1764326798215,sell,3049.100000,0.003000
27571769,1764326798452,buy,3049.150000,5.908000
27571770,1764326801678,sell,3049.250000,2.553000
27571771,1764326802452,sell,3049.200000,2.000000
27571772,1764326803038,buy,3049.250000,5.238000
27571773,1764326805687,sell,3049.250000,6.216000
27571774,1764326807529,buy,3049.300000,0.012000
27571775,1764326809252,buy,3049.660000,2.870000
27571776,1764326810909,sell,3049.660000,1.720000
27571777,1764326811074,sell,3049.600000,2.000000
27571778,1764326811944,buy,3049.700000,2.805000
27571779,1764326813613,sell,3049.650000,3.701000
27571780,1764326815832,buy,3049.650000,3.179000
27571781,1764326816964,sell,3049.600000,2.000000
27571782,1764326817407,buy,3049.600000,1.967000
27571783,1764326817654,sell,3049.550000,4.727000
27571784,1764326820445,buy,3049.550000,1.964000
27571785,1764326821626,buy,3049.590000,3.998000
27571786,1764326822054,sell,3049.500000,1.967000
27571787,1764326822758,sell,3049.500000,1.966000
27571788,1764326822765,buy,3049.600000,1.230000
27571789,1764326822765,buy,3049.700000,0.409000
27571790,1764326823323,sell,3049.600000,1.639000
27571791,1764326824135,sell,3049.600000,2.851000
27571792,1764326825936,buy,3050.050000,1.988000
27571793,1764326827201,sell,3050.050000,3.307000
27571794,1764326829244,buy,3050.050000,2.029000
27571795,1764326830480,sell,3050.050000,6.251000
27571796,1764326834139,sell,3050.000000,5.245000
27571797,1764326834342,buy,3049.750000,3.282000
27571798,1764326837873,buy,3049.650000,2.947000
27571799,1764326841329,sell,3049.650000,2.664000
27571800,1764326842031,buy,3049.700000,2.463000
27571801,1764326844510,buy,3049.690000,2.964000
27571802,1764326848053,sell,3049.690000,1.673000
27571803,1764326850367,buy,3049.690000,1.842000
27571804,1764326850885,sell,3049.600000,0.531000
27571805,1764326851812,sell,3049.600000,0.028000
27571806,1764326852881,sell,3049.660000,0.959000
27571807,1764326852885,buy,3049.700000,0.122000
27571808,1764326854290,buy,3049.640000,1.526000
27571809,1764326856509,sell,3049.660000,2.476000
27571810,1764326859767,sell,3049.600000,23.663000
27571811,1764326860105,buy,3049.650000,1.192000
27571812,1764326862121,sell,3049.650000,1.668000
27571813,1764326865483,buy,3049.550000,1.253000
27571814,1764326867905,buy,3049.550000,1.266000
27571815,1764326869557,sell,3049.550000,2.562000
27571816,1764326872890,buy,3049.550000,3.067000
27571817,1764326876156,sell,3049.600000,2.325000
27571818,1764326877515,sell,3049.600000,0.003000
27571819,1764326877517,buy,3049.700000,0.003000
27571820,1764326878797,buy,3049.650000,1.121000
27571821,1764326880091,sell,3049.650000,0.947000
27571822,1764326881145,buy,3049.650000,0.957000
27571823,1764326881946,sell,3049.600000,3.606000
27571824,1764326882239,sell,3049.650000,0.975000
27571825,1764326882807,sell,3049.600000,1.639000
27571826,1764326883342,buy,3049.650000,2.436000
27571827,1764326886080,sell,3049.650000,2.662000
27571828,1764326889142,buy,3049.650000,2.108000
27571829,1764326891584,sell,3049.650000,3.431000
27571830,1764326893510,buy,3049.800000,1.452000
27571831,1764326893833,buy,3049.900000,0.065000
27571832,1764326894829,sell,3050.000000,0.004000
27571833,1764326895555,buy,3050.050000,2.017000
27571834,1764326897896,buy,3050.050000,2.807000
27571835,1764326901151,sell,3050.050000,1.238000
27571836,1764326902620,sell,3050.050000,2.319000
27571837,1764326903175,buy,3050.100000,1.162000
27571838,1764326904803,buy,3050.100000,0.991000
27571839,1764326905412,buy,3050.090000,2.764000
27571840,1764326906443,sell,3050.000000,1.027000
27571841,1764326908088,sell,3050.000000,1.126000
27571842,1764326908863,sell,3050.060000,2.784000
27571843,1764326912249,buy,3050.060000,1.033000
27571844,1764326913663,sell,3050.060000,3.011000
27571845,1764326917494,buy,3050.060000,1.867000
27571846,1764326919848,buy,3050.060000,2.938000
27571847,1764326923615,sell,3050.060000,1.004000
27571848,1764326924933,sell,3050.060000,2.581000
27571849,1764326928447,buy,3050.060000,1.223000
27571850,1764326931077,buy,3050.060000,0.981000
27571851,1764326934377,sell,3050.250000,0.727000
27571852,1764326935615,buy,3050.300000,3.000000
27571853,1764326936278,buy,3050.210000,1.352000
27571854,1764326939680,sell,3050.220000,1.376000
27571855,1764326941833,sell,3050.200000,3.057000
27571856,1764326942016,sell,3050.200000,4.155000
27571857,1764326942237,sell,3049.900000,2.122000
27571858,1764326942289,sell,3049.700000,0.189000
27571859,1764326942317,sell,3049.600000,0.097000
27571860,1764326942370,sell,3049.500000,1.911000
27571861,1764326942475,sell,3049.500000,1.089000
27571862,1764326943304,buy,3049.350000,2.206000
27571863,1764326944368,sell,3049.300000,1.639000
27571864,1764326944542,sell,3049.300000,1.639000
27571865,1764326944926,sell,3049.300000,1.967000
27571866,1764326945143,sell,3049.300000,1.967000
27571867,1764326945751,sell,3049.350000,3.618000
27571868,1764326949198,sell,3049.300000,3.060000
27571869,1764326949720,buy,3049.350000,2.895000
27571870,1764326950112,sell,3049.300000,0.315000
27571871,1764326951680,sell,3049.340000,5.896000
27571872,1764326955360,buy,3049.340000,6.839000
27571873,1764326957496,buy,3049.400000,0.500000
27571874,1764326959250,sell,3049.380000,5.862000
27571875,1764326962472,buy,3049.380000,4.081000
27571876,1764326964723,sell,3049.380000,2.915000
27571877,1764326966306,buy,3049.380000,6.876000
27571878,1764326969972,sell,3049.390000,6.150000
27571879,1764326973243,buy,3049.350000,5.070000
27571880,1764326975947,sell,3049.350000,3.215000
27571881,1764326977690,buy,3049.350000,4.139000
27571882,1764326979844,sell,3049.350000,7.364000
27571883,1764326982601,buy,3049.500000,0.016000
27571884,1764326982835,buy,3049.700000,1.830000
27571885,1764326983678,buy,3049.850000,6.355000
27571886,1764326986816,sell,3049.900000,7.492000
27571887,1764326988630,sell,3049.800000,1.967000
27571888,1764326988653,sell,3049.700000,0.019000
27571889,1764326990535,buy,3049.550000,2.693000
27571890,1764326991856,buy,3049.550000,6.011000
27571891,1764326994814,sell,3049.550000,5.634000
27571892,1764326997736,buy,3049.550000,6.589000
27571893,1764327000707,sell,3049.500000,0.042000
27571894,1764327001151,sell,3049.350000,2.527000
27571895,1764327002372,sell,3049.450000,4.467000
27571896,1764327002721,sell,3049.400000,4.311000
27571897,1764327002857,buy,3049.500000,3.277000
27571898,1764327002899,sell,3049.400000,1.639000
27571899,1764327003007,sell,3049.400000,1.639000
27571900,1764327005067,buy,3049.350000,3.666000
27571901,1764327006979,sell,3049.350000,4.340000
27571902,1764327008239,buy,3049.400000,0.600000
27571903,1764327009247,buy,3049.350000,3.953000
27571904,1764327010692,sell,3049.300000,3.000000
27571905,1764327010723,sell,3049.200000,0.210000
27571906,1764327012162,sell,3049.150000,1.282000
27571907,1764327013234,sell,3049.150000,3.782000
27571908,1764327014119,sell,3049.100000,1.419000
27571909,1764327016395,buy,3049.050000,1.143000
27571910,1764327017483,buy,3049.050000,2.235000
27571911,1764327019686,buy,3049.050000,1.610000
27571912,1764327021279,sell,3049.050000,3.402000
27571913,1764327024507,buy,3049.050000,3.220000
27571914,1764327027545,sell,3049.050000,3.167000
27571915,1764327030616,buy,3049.050000,1.599000
27571916,1764327032127,buy,3049.050000,1.805000
27571917,1764327033824,sell,3049.050000,4.228000
27571918,1764327036213,sell,3048.900000,0.898000
27571919,1764327037710,buy,3048.850000,4.095000
27571920,1764327041343,sell,3048.850000,1.629000
27571921,1764327042100,sell,3048.800000,31.658000
27571922,1764327042665,buy,3048.850000,3.612000
27571923,1764327044794,buy,3048.900000,7.212000
27571924,1764327044799,buy,3049.100000,1.967000
27571925,1764327045060,buy,3049.200000,0.023000
27571926,1764327045421,buy,3049.300000,0.008000
27571927,1764327045742,sell,3049.250000,3.606000
27571928,1764327045985,buy,3049.300000,1.339000
27571929,1764327048532,buy,3049.450000,2.018000
27571930,1764327050059,sell,3049.450000,3.262000
27571931,1764327050360,buy,3049.500000,0.063000
27571932,1764327050635,buy,3049.600000,0.084000
27571933,1764327052494,buy,3049.650000,5.493000
27571934,1764327054537,buy,3049.700000,0.327000
27571935,1764327056402,sell,3049.650000,6.288000
27571936,1764327060445,buy,3049.750000,2.510000
27571937,1764327060934,buy,3049.800000,0.063000
27571938,1764327062027,sell,3049.950000,3.320000
27571939,1764327062486,buy,3050.000000,1.347000
27571940,1764327062486,buy,3050.200000,0.620000
27571941,1764327062618,buy,3050.200000,1.639000
27571942,1764327062799,buy,3050.200000,3.934000
27571943,1764327064090,sell,3050.000000,0.014000
27571944,1764327064250,buy,3049.940000,4.762000
27571945,1764327064261,sell,3049.900000,0.028000
27571946,1764327064527,sell,3049.900000,1.611000
27571947,1764327067795,sell,3049.750000,5.291000
27571948,1764327068296,buy,3050.100000,0.600000
27571949,1764327068302,buy,3050.200000,1.702000
27571950,1764327068377,buy,3050.300000,0.273000
27571951,1764327068377,buy,3050.400000,0.149000
27571952,1764327068432,buy,3050.500000,0.252000
27571953,1764327071598,buy,3050.650000,3.950000
27571954,1764327071753,buy,3050.700000,0.600000
27571955,1764327071768,buy,3050.800000,0.084000
27571956,1764327071803,buy,3051.000000,0.327000
27571957,1764327071804,buy,3051.100000,0.042000
27571958,1764327071804,buy,3051.200000,0.168000
27571959,1764327071805,buy,3051.300000,0.084000
27571960,1764327071805,buy,3051.400000,0.252000
27571961,1764327071807,buy,3051.600000,0.065000
27571962,1764327071807,buy,3051.700000,0.021000
27571963,1764327071807,buy,3051.900000,0.927000
27571964,1764327071816,buy,3052.000000,0.063000
27571965,1764327071817,buy,3052.200000,0.788000
27571966,1764327071918,buy,3052.200000,0.727000
27571967,1764327071937,buy,3052.300000,0.013000
27571968,1764327071937,buy,3052.500000,3.196000
27571969,1764327073598,sell,3052.450000,8.451000
27571970,1764327075010,sell,3052.300000,0.019000
27571971,1764327076997,buy,3052.050000,3.685000
27571972,1764327078351,buy,3052.050000,9.141000
27571973,1764327081682,sell,3051.750000,9.372000
27571974,1764327083721,buy,3051.800000,0.003000
27571975,1764327085015,buy,3051.750000,5.256000
27571976,1764327086858,sell,3051.750000,3.795000
27571977,1764327087265,sell,3051.700000,3.000000
27571978,1764327088233,buy,3051.750000,12.180000
27571979,1764327090725,buy,3051.800000,1.000000
27571980,1764327092144,sell,3051.750000,5.484000
27571981,1764327093916,sell,3051.900000,5.011000
27571982,1764327095543,buy,3051.890000,10.948000
27571983,1764327095912,sell,3051.800000,0.166000
27571984,1764327096341,buy,3051.900000,8.208000
27571985,1764327097338,buy,3051.900000,0.166000
27571986,1764327098219,sell,3051.800000,0.003000
27571987,1764327099048,sell,3051.450000,9.979000
27571988,1764327100119,buy,3050.900000,3.000000
27571989,1764327102123,buy,3051.750000,12.712000
27571990,1764327105240,sell,3051.750000,13.301000
27571991,1764327105543,sell,3051.700000,12.011000
27571992,1764327108613,buy,3051.250000,12.229000
27571993,1764327108636,sell,3051.200000,0.140000
27571994,1764327109047,buy,3051.300000,0.140000
27571995,1764327109261,buy,3051.400000,0.006000
27571996,1764327110149,buy,3051.500000,5.441000
27571997,1764327111652,sell,3051.450000,9.059000
27571998,1764327113715,sell,3051.950000,11.994000
27571999,1764327115326,buy,3052.000000,23.663000
27572000,1764327116177,buy,3052.200000,0.381000
27572001,1764327116216,buy,3052.350000,7.481000
27572002,1764327116218,buy,3052.400000,0.063000
27572003,1764327116218,buy,3052.600000,0.042000
27572004,1764327116218,buy,3052.700000,0.674000
27572005,1764327116226,buy,3052.800000,1.966000
27572006,1764327116241,buy,3053.100000,0.150000
27572007,1764327116241,buy,3053.500000,0.420000
27572008,1764327116241,buy,3053.700000,0.381000
27572009,1764327116241,buy,3053.800000,0.004000
27572010,1764327116241,buy,3053.900000,6.420000
27572011,1764327116374,buy,3053.900000,0.328000
27572012,1764327116771,buy,3053.900000,2.002000
27572013,1764327116853,sell,3053.800000,7.282000
27572014,1764327117463,buy,3053.850000,20.965000
27572015,1764327117744,sell,3054.000000,0.654000
27572016,1764327120723,sell,3054.150000,9.706000
27572017,1764327122039,sell,3054.110000,14.399000
27572018,1764327122635,sell,3054.100000,7.438000
27572019,1764327123632,buy,3054.100000,3.185000
27572020,1764327124026,buy,3054.050000,14.541000
27572021,1764327125670,sell,3054.000000,1.637000
27572022,1764327126026,sell,3054.000000,3.274000
27572023,1764327126031,sell,3054.050000,28.895000
27572024,1764327129908,buy,3054.100000,24.400000
27572025,1764327133175,buy,3054.200000,0.008000
27572026,1764327133334,sell,3054.250000,9.105000
27572027,1764327133355,buy,3054.300000,0.163000
27572028,1764327134739,buy,3054.450000,6.836000
27572029,1764327135808,sell,3054.450000,19.999000
27572030,1764327136768,buy,3054.400000,0.021000
27572031,1764327136893,sell,3054.300000,0.017000
27572032,1764327137326,buy,3054.200000,0.007000
27572033,1764327137795,buy,3054.200000,0.014000
27572034,1764327138942,buy,3054.150000,25.625000
27572035,1764327142854,sell,3054.250000,10.880000
27572036,1764327144429,buy,3054.200000,18.077000
27572037,1764327147027,sell,3054.220000,16.449000
27572038,1764327149342,buy,3054.250000,25.296000
27572039,1764327150224,buy,3054.300000,1.636000
27572040,1764327151171,sell,3054.200000,0.662000
27572041,1764327152998,sell,3054.290000,19.412000
27572042,1764327154398,buy,3054.300000,0.061000
27572043,1764327154791,buy,3054.500000,0.654000
27572044,1764327155377,sell,3054.450000,8.941000
27572045,1764327156431,buy,3054.450000,9.748000
27572046,1764327157620,sell,3054.400000,20.510000
27572047,1764327159039,buy,3054.500000,2.000000
27572048,1764327160006,buy,3054.420000,30.936000
27572049,1764327160966,buy,3054.500000,0.054000
27572050,1764327162414,buy,3054.500000,0.022000
27572051,1764327162886,buy,3054.500000,0.044000
27572052,1764327163811,sell,3054.400000,0.942000
27572053,1764327164024,sell,3054.480000,16.049000
27572054,1764327164129,sell,3054.400000,0.020000
27572055,1764327165197,buy,3054.500000,0.867000
27572056,1764327165797,buy,3054.500000,0.947000
27572057,1764327166176,buy,3054.470000,17.232000
27572058,1764327168509,sell,3054.650000,27.916000
27572059,1764327168696,buy,3054.800000,1.225000
27572060,1764327168924,buy,3055.000000,3.430000
27572061,1764327168960,buy,3055.100000,0.002000
27572062,1764327169030,buy,3055.300000,0.029000
27572063,1764327169030,buy,3055.400000,0.050000
27572064,1764327169030,buy,3055.500000,3.000000
27572065,1764327169035,buy,3055.600000,0.898000
27572066,1764327169037,buy,3055.800000,1.966000
27572067,1764327169054,buy,3055.900000,0.111000
27572068,1764327169054,buy,3056.100000,1.389000
27572069,1764327169058,buy,3056.200000,0.013000
27572070,1764327169058,buy,3056.400000,0.050000
27572071,1764327169058,buy,3056.500000,0.184000
27572072,1764327169058,buy,3056.600000,0.856000
27572073,1764327169064,buy,3056.700000,0.656000
27572074,1764327169165,buy,3056.800000,0.656000
27572075,1764327169341,sell,3056.800000,0.653000
27572076,1764327170094,buy,3056.900000,11.939000
27572077,1764327170094,buy,3057.000000,2.531000
27572078,1764327170094,sell,3056.800000,0.135000
27572079,1764327171228,buy,3057.000000,2.601000
27572080,1764327171606,sell,3056.600000,1.230000
27572081,1764327171617,buy,3056.500000,3.271000
27572082,1764327171623,sell,3056.400000,0.655000
27572083,1764327172073,buy,3056.500000,8.533000
27572084,1764327172236,buy,3056.450000,30.074000
27572085,1764327175373,sell,3056.450000,37.018000
27572086,1764327176186,buy,3056.500000,2.977000
27572087,1764327177206,buy,3056.500000,1.000000
27572088,1764327178809,sell,3056.400000,1.635000
27572089,1764327179095,buy,3055.750000,26.313000
27572090,1764327182526,sell,3054.950000,20.402000
27572091,1764327183754,sell,3055.200000,2.676000
27572092,1764327183910,sell,3055.200000,3.271000
27572093,1764327185127,buy,3055.250000,28.452000
27572094,1764327187508,buy,3055.300000,15.711000
27572095,1764327187508,buy,3055.400000,10.759000
27572096,1764327188053,sell,3055.200000,2.003000
27572097,1764327188302,sell,3055.200000,0.018000
27572098,1764327188511,sell,3055.200000,2.003000
27572099,1764327188722,sell,3055.200000,0.018000
27572100,1764327188856,sell,3055.250000,21.276000
27572101,1764327188892,buy,3055.300000,26.471000
27572102,1764327191584,buy,3055.250000,13.242000
27572103,1764327193275,sell,3055.200000,0.027000
27572104,1764327193276,sell,3055.300000,28.230000
27572105,1764327195101,buy,3055.500000,0.810000
27572106,1764327195132,buy,3055.600000,0.663000
27572107,1764327195368,buy,3055.800000,0.013000
27572108,1764327196609,buy,3055.300000,0.087000
27572109,1764327196856,buy,3055.300000,0.029000
27572110,1764327196883,buy,3055.250000,32.673000
27572111,1764327197319,buy,3055.300000,0.058000
27572112,1764327198031,buy,3055.300000,0.654000
27572113,1764327198558,buy,3055.500000,0.085000
27572114,1764327200265,sell,3055.440000,26.135000
27572115,1764327202779,buy,3056.000000,4.004000
27572116,1764327202992,buy,3055.950000,28.635000
27572117,1764327203183,buy,3056.000000,3.003000
27572118,1764327203364,buy,3056.000000,10.481000
27572119,1764327206019,sell,3056.050000,9.996000
27572120,1764327207066,sell,3056.000000,31.649000
27572121,1764327207458,buy,3056.200000,0.399000
27572122,1764327210400,buy,3056.550000,13.810000
27572123,1764327210762,sell,3056.400000,0.016000
27572124,1764327211834,buy,3055.850000,15.779000
27572125,1764327213680,sell,3056.250000,14.084000
27572126,1764327215322,buy,3056.450000,19.053000
27572127,1764327217546,sell,3056.650000,29.536000
27572128,1764327218220,sell,3056.600000,0.003000
27572129,1764327219016,buy,3056.700000,6.621000
27572130,1764327219071,buy,3056.800000,0.021000
27572131,1764327219076,buy,3056.900000,0.105000
27572132,1764327219133,buy,3057.000000,0.168000
27572133,1764327219133,buy,3057.200000,0.231000
27572134,1764327219133,buy,3057.300000,0.052000
27572135,1764327219133,buy,3057.400000,0.531000
27572136,1764327219267,buy,3057.400000,0.100000
27572137,1764327219380,buy,3057.400000,0.015000
27572138,1764327219597,buy,3057.400000,0.017000
27572139,1764327219597,buy,3057.500000,0.004000
27572140,1764327219597,buy,3057.600000,0.015000
27572141,1764327219714,buy,3057.900000,0.080000
27572142,1764327220200,buy,3057.900000,0.040000
27572143,1764327220301,sell,3057.800000,0.032000
27572144,1764327220508,buy,3057.900000,0.010000
27572145,1764327220508,buy,3058.100000,0.033000
27572146,1764327220960,buy,3058.050000,29.096000
27572147,1764327220963,buy,3058.100000,0.045000
27572148,1764327221538,buy,3058.100000,0.076000
27572149,1764327221538,buy,3058.200000,0.285000
27572150,1764327221538,buy,3058.300000,3.084000
27572151,1764327221538,buy,3058.400000,4.519000
27572152,1764327221808,sell,3058.300000,0.653000
27572153,1764327223392,buy,3058.400000,31.406000
27572154,1764327223785,sell,3058.250000,23.275000
27572155,1764327223931,sell,3058.200000,0.012000
27572156,1764327224025,sell,3058.000000,0.655000
27572157,1764327225278,sell,3057.700000,1.635000
27572158,1764327225689,sell,3057.600000,0.378000
27572159,1764327225996,buy,3057.450000,33.197000
27572160,1764327226102,sell,3057.400000,2.001000
27572161,1764327229042,sell,3057.450000,16.947000
27572162,1764327229408,buy,3057.600000,0.017000
27572163,1764327229408,buy,3057.900000,0.637000
27572164,1764327230920,sell,3057.850000,21.440000
27572165,1764327231683,sell,3057.800000,2.073000
27572166,1764327232081,sell,3057.700000,0.015000
27572167,1764327232605,sell,3057.500000,0.285000
27572168,1764327232617,sell,3057.400000,0.042000
27572169,1764327233517,sell,3057.200000,0.084000
27572170,1764327233517,buy,3057.050000,18.583000
27572171,1764327234911,sell,3057.000000,0.207000
27572172,1764327235817,buy,3057.050000,8.629000
27572173,1764327236894,sell,3057.050000,19.688000
27572174,1764327238620,sell,3056.800000,0.003000
27572175,1764327239364,buy,3056.850000,9.517000
27572176,1764327240629,buy,3056.850000,21.717000
27572177,1764327242449,sell,3056.800000,0.778000
27572178,1764327243449,sell,3056.850000,11.135000
27572179,1764327243909,buy,3056.900000,0.054000
27572180,1764327244426,buy,3056.900000,0.054000
27572181,1764327244920,sell,3056.850000,25.327000
27572182,1764327245807,buy,3056.900000,0.430000
27572183,1764327248174,buy,3057.000000,9.416000
27572184,1764327249384,buy,3056.950000,22.295000
27572185,1764327250346,buy,3057.000000,0.013000
27572186,1764327252230,sell,3057.250000,31.624000
27572187,1764327253344,buy,3057.300000,1.158000
27572188,1764327256148,buy,3057.450000,6.417000
27572189,1764327256594,buy,3057.500000,0.126000
27572190,1764327256849,buy,3057.600000,0.252000
27572191,1764327256897,buy,3057.800000,0.548000
27572192,1764327256909,buy,3058.200000,0.612000
27572193,1764327256909,buy,3058.400000,0.126000
27572194,1764327256932,buy,3058.500000,0.252000
27572195,1764327256950,buy,3058.700000,4.470000
27572196,1764327256966,buy,3058.800000,0.106000
27572197,1764327256966,buy,3058.900000,0.898000
27572198,1764327256966,buy,3059.000000,0.004000
27572199,1764327256979,buy,3059.300000,1.034000
27572200,1764327257274,buy,3059.350000,23.851000
27572201,1764327257376,sell,3059.300000,0.652000
27572202,1764327257749,sell,3059.300000,0.040000
27572203,1764327258541,buy,3059.600000,0.469000
27572204,1764327260552,sell,3059.750000,13.685000
27572205,1764327260964,buy,3059.800000,0.471000
27572206,1764327261462,sell,3059.700000,3.937000
27572207,1764327262222,buy,3059.750000,33.863000
27572208,1764327264403,buy,3059.600000,0.258000
27572209,1764327265814,sell,3059.550000,25.520000
27572210,1764327265880,buy,3059.600000,0.058000
27572211,1764327268463,sell,3059.600000,38.275000
27572212,1764327268812,sell,3059.500000,0.240000
27572213,1764327272323,buy,3059.500000,32.812000
27572214,1764327275644,sell,3059.250000,31.016000
27572215,1764327276728,buy,3059.300000,7.467000
27572216,1764327277316,buy,3059.300000,0.005000
27572217,1764327278762,buy,3059.290000,24.160000
27572218,1764327281199,buy,3059.300000,14.749000
27572219,1764327282487,buy,3059.300000,0.007000
27572220,1764327283000,sell,3059.300000,17.127000
27572221,1764327285137,buy,3059.300000,14.260000
27572222,1764327285707,buy,3059.300000,4.245000
27572223,1764327286910,sell,3059.300000,32.394000
27572224,1764327287970,buy,3059.400000,0.008000
27572225,1764327288717,sell,3059.300000,3.279000
27572226,1764327288735,sell,3059.200000,3.282000
27572227,1764327290829,buy,3058.500000,1.955000
27572228,1764327290836,buy,3058.450000,9.053000
27572229,1764327291067,sell,3058.400000,3.268000
27572230,1764327291369,sell,3058.200000,0.141000
27572231,1764327291888,buy,3058.250000,21.448000
27572232,1764327294300,sell,3058.250000,17.991000
27572233,1764327296410,buy,3058.250000,32.971000
27572234,1764327298946,buy,3058.300000,16.344000
27572235,1764327299763,sell,3058.200000,2.000000
27572236,1764327299936,sell,3058.200000,2.902000
27572237,1764327300283,sell,3058.050000,9.797000
27572238,1764327300394,sell,3058.000000,0.042000
27572239,1764327301297,buy,3057.600000,0.013000
27572240,1764327301367,buy,3058.800000,0.084000
27572241,1764327301367,buy,3059.300000,0.021000
27572242,1764327301367,buy,3059.400000,0.084000
27572243,1764327301367,buy,3059.600000,1.209000
27572244,1764327301372,buy,3059.800000,0.105000
27572245,1764327301372,buy,3060.000000,0.132000
27572246,1764327301372,buy,3059.700000,1.308000
27572247,1764327301453,sell,3059.950000,25.135000
27572248,1764327301465,buy,3060.000000,0.350000
27572249,1764327301547,buy,3060.100000,0.013000
27572250,1764327301547,buy,3060.300000,1.622000
27572251,1764327301730,buy,3060.500000,1.308000
27572252,1764327301850,sell,3060.400000,0.040000
27572253,1764327302252,sell,3060.500000,1.634000
27572254,1764327302398,sell,3060.500000,3.268000
27572255,1764327302504,sell,3060.500000,6.536000
27572256,1764327302633,buy,3060.600000,1.639000
27572257,1764327302699,sell,3060.500000,1.634000
27572258,1764327302821,sell,3060.500000,0.326000
27572259,1764327303310,buy,3060.700000,0.653000
27572260,1764327303990,sell,3060.600000,2.397000
27572261,1764327304030,buy,3060.650000,38.534000
27572262,1764327305102,sell,3060.900000,1.694000
27572263,1764327305255,buy,3061.000000,0.219000
27572264,1764327305255,buy,3061.100000,11.690000
27572265,1764327305420,buy,3061.100000,5.312000
27572266,1764327305495,buy,3061.200000,0.187000
27572267,1764327305495,buy,3061.300000,0.050000
27572268,1764327305593,buy,3061.400000,0.008000
27572269,1764327305688,buy,3061.500000,0.011000
27572270,1764327306110,buy,3061.500000,0.106000
27572271,1764327306110,buy,3061.600000,0.089000
27572272,1764327306110,buy,3061.700000,2.161000
27572273,1764327306551,sell,3061.800000,0.039000
27572274,1764327306580,buy,3061.900000,0.059000
27572275,1764327307075,sell,3061.850000,46.913000
27572276,1764327309318,buy,3061.900000,3.000000
27572277,1764327310285,buy,3061.870000,25.772000
27572278,1764327312011,sell,3061.880000,32.001000
27572279,1764327312183,sell,3061.800000,0.652000
27572280,1764327314113,buy,3061.830000,41.175000
27572281,1764327316771,sell,3061.950000,40.387000
27572282,1764327316898,buy,3062.000000,0.006000
27572283,1764327317691,sell,3061.900000,0.150000
27572284,1764327319463,buy,3061.950000,21.523000
27572285,1764327319888,sell,3061.900000,0.201000
27572286,1764327321042,buy,3061.850000,32.997000
27572287,1764327321125,buy,3061.900000,0.054000
27572288,1764327323445,sell,3061.900000,24.662000
27572289,1764327325413,sell,3061.900000,13.751000
27572290,1764327326548,buy,3061.900000,38.183000
27572291,1764327329668,sell,3061.900000,40.797000
27572292,1764327330457,sell,3061.800000,16.330000
27572293,1764327330555,sell,3061.700000,0.016000
27572294,1764327330660,sell,3061.000000,0.394000
27572295,1764327333094,buy,3061.150000,45.550000
27572296,1764327333133,buy,3061.200000,0.019000
27572297,1764327333142,buy,3061.400000,0.653000
27572298,1764327335399,sell,3061.000000,0.042000
27572299,1764327336085,sell,3060.700000,0.609000
27572300,1764327336477,sell,3060.350000,39.600000
27572301,1764327339345,buy,3060.350000,14.749000
27572302,1764327340026,buy,3061.500000,0.558000
27572303,1764327340028,buy,3061.700000,0.021000
27572304,1764327340028,buy,3061.800000,0.050000
27572305,1764327340028,buy,3061.900000,0.025000
27572306,1764327340199,buy,3061.900000,0.202000
27572307,1764327340200,buy,3062.000000,1.998000
27572308,1764327340409,sell,3061.950000,57.191000
27572309,1764327340618,buy,3062.000000,3.000000
27572310,1764327340809,sell,3062.000000,0.040000
27572311,1764327341239,buy,3062.100000,0.539000
27572312,1764327341320,buy,3062.200000,6.175000
27572313,1764327341499,buy,3062.300000,0.948000
27572314,1764327342295,sell,3062.400000,0.002000
27572315,1764327343149,sell,3062.400000,0.002000
27572316,1764327344211,sell,3062.300000,0.015000
27572317,1764327344327,buy,3061.950000,34.235000
27572318,1764327345110,buy,3062.000000,0.626000
27572319,1764327346583,buy,3061.950000,34.598000
27572320,1764327348845,sell,3061.950000,31.608000
27572321,1764327350144,buy,3062.000000,4.926000
27572322,1764327350657,buy,3062.100000,8.164000
27572323,1764327350972,buy,3062.050000,43.534000
27572324,1764327353848,sell,3062.020000,16.439000
27572325,1764327354959,sell,3062.050000,53.713000
27572326,1764327358492,buy,3062.090000,44.862000
27572327,1764327358875,buy,3062.100000,0.002000
27572328,1764327360332,sell,3062.000000,0.025000
27572329,1764327361385,sell,3062.450000,45.751000
27572330,1764327361744,sell,3062.300000,1.654000
27572331,1764327362211,sell,3062.000000,6.532000
27572332,1764327362413,sell,3062.000000,0.742000
27572333,1764327362413,sell,3061.500000,0.180000
27572334,1764327362413,sell,3061.200000,2.344000
27572335,1764327362540,sell,3061.200000,7.296000
27572336,1764327364502,buy,3061.250000,36.358000
27572337,1764327364934,buy,3061.300000,0.247000
27572338,1764327364934,buy,3061.400000,0.013000
27572339,1764327364934,buy,3061.500000,0.740000
27572340,1764327367559,buy,3061.750000,25.895000
27572341,1764327370105,sell,3061.750000,34.403000
27572342,1764327373243,sell,3062.300000,0.990000
27572343,1764327373608,buy,3062.350000,32.087000
27572344,1764327374318,sell,3062.200000,0.017000
27572345,1764327375135,buy,3061.900000,0.061000
27572346,1764327376364,sell,3061.800000,1.633000
27572347,1764327376501,sell,3061.800000,9.095000
27572348,1764327376611,sell,3061.800000,3.141000
27572349,1764327376870,sell,3061.850000,14.817000
27572350,1764327377692,sell,3061.800000,0.113000
27572351,1764327377920,sell,3061.800000,2.348000
27572352,1764327377924,sell,3061.600000,0.013000
27572353,1764327378107,sell,3061.200000,0.637000
27572354,1764327378434,sell,3061.250000,16.845000
27572355,1764327379259,sell,3061.000000,0.207000
27572356,1764327379259,sell,3060.900000,0.419000
27572357,1764327380184,buy,3060.850000,32.304000
27572358,1764327381840,sell,3060.800000,0.067000
27572359,1764327381840,sell,3060.700000,0.097000
27572360,1764327383497,sell,3060.750000,16.774000
27572361,1764327385245,sell,3060.750000,23.077000
27572362,1764327387608,buy,3060.980000,30.713000
27572363,1764327390605,sell,3060.990000,22.265000
27572364,1764327392872,buy,3060.750000,25.329000
27572365,1764327394060,sell,3060.100000,0.634000
27572366,1764327394065,sell,3060.000000,0.873000
27572367,1764327394414,buy,3059.800000,3.000000
27572368,1764327394653,buy,3059.800000,0.026000
27572369,1764327395812,sell,3059.750000,23.557000
27572370,1764327396047,sell,3059.700000,0.050000
27572371,1764327396047,sell,3059.400000,0.065000
27572372,1764327396047,sell,3059.200000,0.596000
27572373,1764327398436,buy,3059.150000,24.383000
27572374,1764327398729,buy,3059.200000,0.013000
27572375,1764327398914,buy,3059.400000,3.024000
27572376,1764327400875,sell,3059.500000,29.447000
27572377,1764327401103,sell,3059.550000,23.686000
27572378,1764327402021,sell,3059.500000,0.450000
27572379,1764327404154,buy,3060.050000,27.253000
27572380,1764327405169,sell,3060.000000,0.017000
27572381,1764327407854,sell,3060.050000,7.548000
27572382,1764327408922,sell,3060.050000,20.409000
27572383,1764327411813,buy,3059.850000,14.911000
27572384,1764327414000,sell,3059.850000,10.321000
27572385,1764327415509,buy,3059.850000,13.524000
27572386,1764327417523,sell,3059.550000,10.927000
27572387,1764327419224,buy,3059.350000,15.918000
27572388,1764327420974,buy,3059.500000,0.015000
27572389,1764327421453,buy,3059.800000,0.004000
27572390,1764327421682,sell,3059.750000,15.091000
27572391,1764327422973,sell,3059.700000,8.165000
27572392,1764327423089,sell,3059.700000,3.266000
27572393,1764327423283,sell,3059.700000,1.633000
27572394,1764327424203,buy,3059.650000,20.246000
27572395,1764327424505,buy,3059.700000,0.049000
27572396,1764327428155,sell,3059.650000,17.710000
27572397,1764327428330,sell,3059.600000,0.037000
27572398,1764327431740,buy,3059.650000,5.595000
27572399,1764327433004,sell,3059.650000,9.727000
27572400,1764327435154,buy,3059.550000,16.712000
27572401,1764327439051,sell,3059.550000,5.674000
27572402,1764327439063,sell,3059.500000,0.633000
27572403,1764327439254,sell,3059.500000,0.422000
27572404,1764327439428,sell,3059.500000,0.039000
27572405,1764327440627,sell,3059.550000,8.673000
27572406,1764327443127,buy,3059.550000,9.233000
27572407,1764327445765,sell,3059.450000,7.938000
27572408,1764327445971,sell,3059.400000,0.105000
27572409,1764327445971,sell,3059.300000,0.345000
27572410,1764327448020,buy,3059.350000,6.457000
27572411,1764327449699,sell,3059.300000,0.486000
27572412,1764327450113,sell,3059.200000,0.306000
27572413,1764327450229,sell,3059.150000,9.559000
27572414,1764327453476,buy,3059.150000,11.378000
27572415,1764327457394,sell,3059.150000,5.980000
27572416,1764327460649,sell,3059.150000,7.008000
27572417,1764327463328,buy,3059.200000,0.033000
27572418,1764327464543,buy,3059.150000,5.856000
27572419,1764327465628,buy,3059.200000,0.200000
27572420,1764327466983,sell,3058.900000,0.240000
27572421,1764327468149,buy,3058.950000,5.772000
27572422,1764327471652,sell,3058.950000,1.813000
27572423,1764327472681,sell,3058.900000,0.060000
27572424,1764327472759,sell,3058.950000,6.013000
27572425,1764327474038,sell,3058.900000,1.127000
27572426,1764327476363,buy,3058.950000,1.992000
27572427,1764327477649,buy,3058.950000,5.801000
27572428,1764327481156,sell,3058.850000,6.255000
27572429,1764327482591,sell,3058.800000,4.900000
27572430,1764327485109,buy,3058.900000,0.326000
27572431,1764327485160,buy,3058.850000,2.118000
27572432,1764327486456,sell,3058.850000,1.838000
27572433,1764327487503,buy,3058.850000,3.848000
27572434,1764327489706,sell,3058.850000,2.220000
27572435,1764327491018,sell,3058.850000,4.404000
27572436,1764327491628,buy,3058.900000,16.403000
27572437,1764327493698,buy,3059.050000,4.057000
27572438,1764327493814,buy,3059.100000,8.686000
27572439,1764327493924,buy,3059.100000,3.268000
27572440,1764327496034,sell,3059.050000,4.565000
27572441,1764327497150,sell,3059.000000,0.283000
27572442,1764327497193,sell,3058.900000,0.018000
27572443,1764327497193,sell,3058.700000,0.022000
27572444,1764327497563,sell,3058.700000,0.010000
27572445,1764327498819,buy,3058.750000,3.008000
27572446,1764327500570,buy,3058.750000,4.856000
27572447,1764327503451,sell,3058.750000,1.705000
27572448,1764327504518,sell,3058.750000,3.018000
